@article{wang2015high,
  title={A high-order discontinuous Galerkin method with unstructured space--time meshes for two-dimensional compressible flows on domains with large deformations},
  author={Wang, Luming and Persson, Per-Olof},
  journal={Computers \& Fluids},
  volume={118},
  pages={53--68},
  year={2015},
  publisher={Elsevier}
}


@article{rendall2012conservative,
  title={Conservative unsteady aerodynamic simulation of arbitrary boundary motion using structured and unstructured meshes in time},
  author={Rendall, Thomas CS and Allen, Christian B and Power, Edward DC},
  journal={International Journal for Numerical Methods in Fluids},
  volume={70},
  number={12},
  pages={1518--1542},
  year={2012},
  publisher={Wiley Online Library}
}


@inproceedings{mani2011efficient,
  title={Efficient solutions of the euler equations in a time-adaptive space-time framework},
  author={Mani, Karthik and Mavriplis, Dimitri},
  booktitle={49th AIAA Aerospace Sciences Meeting including the New Horizons Forum and Aerospace Exposition},
  pages={774},
  year={2011}
}


@incollection{lowrie1998space,
  title={Space-time methods for hyperbolic conservation laws},
  author={Lowrie, Robert B and Roe, Philip L and Van Leer, Bram},
  booktitle={Barriers and Challenges in Computational Fluid Dynamics},
  pages={79--98},
  year={1998},
  publisher={Springer}
}


@article{carey2010blockwise,
  title={Blockwise adaptivity for time dependent problems based on coarse scale adjoint solutions},
  author={Carey, V and Estep, D and Johansson, August and Larson, M and Tavener, S},
  journal={SIAM Journal on Scientific Computing},
  volume={32},
  number={4},
  pages={2121--2145},
  year={2010},
  publisher={SIAM}
}


@article{behr2008simplex,
  title={Simplex space--time meshes in finite element simulations},
  author={Behr, Marek},
  journal={International journal for numerical methods in fluids},
  volume={57},
  number={9},
  pages={1421--1434},
  year={2008},
  publisher={Wiley Online Library}
}


@article{falgout2014parallel,
  title={Parallel time integration with multigrid},
  author={Falgout, Robert D and Friedhoff, Stephanie and Kolev, Tz V and MacLachlan, Scott P and Schroder, Jacob B},
  journal={SIAM Journal on Scientific Computing},
  volume={36},
  number={6},
  pages={C635--C661},
  year={2014},
  publisher={SIAM}
}

@article{hughes1988space,
  title={Space-time finite element methods for elastodynamics: formulations and error estimates},
  author={Hughes, Thomas JR and Hulbert, Gregory M},
  journal={Computer methods in applied mechanics and engineering},
  volume={66},
  number={3},
  pages={339--363},
  year={1988},
  publisher={Elsevier}
}

@article{hughes1996space,
  title={A space-time formulation for multiscale phenomena},
  author={Hughes, Thomas JR and Stewart, James R},
  journal={Journal of Computational and Applied Mathematics},
  volume={74},
  number={1-2},
  pages={217--229},
  year={1996},
  publisher={Elsevier}
}

@article{tezduyar2006space,
  title={Space--time finite element techniques for computation of fluid--structure interactions},
  author={Tezduyar, Tayfun E and Sathe, Sunil and Keedy, Ryan and Stein, Keith},
  journal={Computer methods in applied mechanics and engineering},
  volume={195},
  number={17-18},
  pages={2002--2027},
  year={2006},
  publisher={Elsevier}
}

@article{pontaza2003spectral,
  title={Spectral/hp least-squares finite element formulation for the Navier--Stokes equations},
  author={Pontaza, JP and Reddy, JN},
  journal={Journal of Computational Physics},
  volume={190},
  number={2},
  pages={523--549},
  year={2003},
  publisher={Elsevier}
}


@book{verfurth2013posteriori,
  title={A posteriori error estimation techniques for finite element methods},
  author={Verf{\"u}rth, R{\"u}diger},
  year={2013},
  publisher={OUP Oxford}
}
@article{dyja2018parallel,
  title={Parallel-In-Space-Time, Adaptive Finite Element Framework for Nonlinear Parabolic Equations},
  author={Dyja, Robert and Ganapathysubramanian, Baskar and van der Zee, Kristoffer G},
  journal={SIAM Journal on Scientific Computing},
  volume={40},
  number={3},
  pages={C283--C304},
  year={2018},
  publisher={SIAM}
}
@incollection{50Years,
author={Gander, Martin J.},
editor={Carraro, Thomas and Geiger, Michael and K{\"o}rkel, Stefan and Rannacher, Rolf},
title={50 Years of Time Parallel Time Integration},
bookTitle={Multiple Shooting and Time Domain Decomposition Methods: MuS-TDD, Heidelberg, May 6-8, 2013},
year={2015},
publisher={Springer International Publishing},
address={Cham},
pages={69--113},
doi={10.1007/978-3-319-23321-5\_3}
}

@article{Baskar1,
author = {Baskar Ganapathysubramanian and Nicholas Zabaras},
title = {On the control of solidification using magnetic fields and magnetic field gradients},
journal = {Int. J. Heat Mass Transfer},
volume = {48},
number = {19--20},
pages = {4174--4189},
year = {2005},
doi = {10.1016/j.ijheatmasstransfer.2005.04.027},
}

@article{Baskar2,
author = {Baskar Ganapathysubramanian and Nicholas Zabaras},
title = {Control of solidification of non-conducting materials using tailored magnetic fields},
journal = {J. Cryst. Growth},
volume = {276},
number = {1--2},
pages = {299--316},
year = {2005},
doi = {10.1016/j.jcrysgro.2004.11.336}
}

@article{Dendro,
  title={Bottom-up construction and 2: 1 balance refinement of linear octrees in parallel},
  author={Sundar, Hari and Sampath, Rahul S and Biros, George},
  journal={SIAM J. Sci. Comput.},
  volume={30},
  number={5},
  pages={2675--2708},
  year={2008},
  doi={10.1137/070681727}
}


@article{McInnes201417,
author = {Lois Curfman McInnes and Barry Smith and Hong Zhang and Richard Tran Mills},
title = {Hierarchical Krylov and nested Krylov methods for extreme-scale computing},
journal = {Parallel Comput.},
volume = {40},
number = {1},
pages = {17--31},
year = {2014},
doi = {10.1016/j.parco.2013.10.001}
}

@book{ainsworth_oden,
  author =	 {Mark Ainsworth and J. Tinsley Oden},
  title =	 {A Posteriori Error Estimation in Finite Element Analysis},
  publisher =	 {John Wiley \& Sons},
  year =	 2000,
  address =	 {New York}
}

@incollection{petsc,
  author =	 {Satish Balay and William D. Gropp and Lois Curfman McInnes and Barry F. Smith},
  title =	 {Efficient Management of Parallelism in Object Oriented Numerical Software Libraries},
  booktitle =	 {Modern Software Tools in Scientific Computing},
  editor =	 {E. Arge and A. M. Bruaset and H. P. Langtangen},
  pages =	 {163--202},
  publisher =	 {Birkh{\"{a}}user Press},
  doi = {10.1007/978-1-4612-1986-6\_8},
  year =	 1997
}

%journal =	 {International Journal for Numerical Methods in Fluids},
@Article{behr,
  title =	 {Simplex space-time meshes in finite element simulations},
  author =	 {Marek Behr},
  doi =		 {10.1002/fld.1796},
  journal =	 {Int. J. Numer. Meth. Fluids},
  number =	 9,
  volume =	 57,
  year =	 2008,
  pages =	 {1421--1434}
}

@incollection{burrage,
  author = {Kevin Burrage},
  title = {10. Parallel Methods for Systems of Ordinary Differential Equations},
  booktitle = {Applications on Advanced Architecture Computers},
  chapter = {10},
  pages = {101--120},
  doi = {10.1137/1.9780898719659.ch10},
  year = 1996
}

@book{butcher,
  author =	 {John C. Butcher},
  title =	 {Numerical Methods for Ordinary Differential Equations},
  publisher =	 {John Wiley \& Sons},
  year =	 2008,
  address =	 {West Sussex}
}

%journal = {SIAM Journal on Scientific Computing}
@article{carey_estep,
  author = {V. Carey and D. Estep and A. Johansson and M. Larson and S. Tavener},
  title = {Blockwise Adaptivity for Time Dependent Problems Based on Coarse Scale Adjoint Solutions},
  journal = {SIAM J. Sci. Comput.},
  volume = {32},
  number = {4},
  pages = {2121--2145},
  year = {2010},
  doi = {10.1137/090753826}
}

%journal = {Computer Methods in Applied Mechanics and Engineering},
@article{hughes_hulbert,
  author = {Thomas J. R. Hughes and G. M. Hulbert},
  title = {Space-time Finite Element Methods for Elastodynamics: Formulations and Error Estimates},
  journal = {Comput. Methods Appl. Mech. Eng.},
  issue_date = {February 1988},
  volume = {66},
  number = {3},
  month = {feb},
  year = {1988},
  pages = {339--363},
  numpages = {25},
  doi = {10.1016/0045-7825(88)90006-0}
} 

%journal = {Journal of Computational and Applied Mathematics},
@article{hughes_steward,
  author = {Thomas J.R. Hughes and James R. Stewart},
  title = {A space-time formulation for multiscale phenomena},
  journal = {J. Comput. Appl. Math.},
  volume = {74},
  number = {1},
  pages = {217--229},
  year = {1996},
  doi = {10.1016/0377-0427(96)00025-8}
}

%journal = {Comptes Rendus de l'Academie des Sciences Series I Mathematics},
@article{parareal2001,
  title = {A''parareal''in time discretization of PDE's},
  author = {J. Lions and Yvon Maday and Gabriel Turinici},
  journal = {C. R. Acad. Sci. Series I Mathematics},
  volume = {332},
  number = {7},
  pages = {661--668},
  year = {2001}
}

@incollection{gomez_zee,
  author = {Hector Gomez and Kristoffer G. van der Zee},
  title = {Computational phase-field modeling},
  bookTitle = {Encyclopedia of Computational Mechanics, Second Edition},
  year = {(In Press)},
  publisher = {John Wiley \& Sons, Ltd.}
}

%journal = "Computer Methods in Applied Mechanics and Engineering"
@article{simsek_zee,
  title = {Duality-based two-level error estimation for time-dependent PDEs: Application to linear and nonlinear parabolic equations },
  journal = {Computer Meth. Appl. Mech. Engrg.},
  volume = {288},
  number = {},
  pages = {83--109},
  year = {2015},
  doi = {10.1016/j.cma.2014.11.019},
  author = {G. \c{S}im\c{s}ek and X. Wu and K.G. van der Zee and E.H. van Brummelen},
}

@incollection{eriksson_johnson,
  author = {K. Eriksson and C. Johnson and A. Logg},
  editor = {E. Stein and R. de Borst and T.J.R. Hughes},
  title = {Adaptive computational methods for parabolic problems},
  bookTitle = {Encyclopedia of Computational Mechanics, in: Fundamentals},
  pages = {675--702},
  chapter = {24},
  year = {2004},
  publisher = {John Wiley \& Sons, Ltd.}
}

@incollection{lowrie1996,
  author = {Robert B. Lowrie and Philip L. Roe and Bram van Leer},
  editor = {V. Venkatakrishnan and Manuel D. Salas and Sukumar R. Chakravarthy},
  title = {Space-Time Methods for Hyperbolic Conservation Laws},
  bookTitle = {Barriers and Challenges in Computational Fluid Dynamics},
  year = {1998},
  publisher = {Springer Netherlands},
  address = {Dordrecht},
  pages = {79--98},
  doi = {10.1007/978-94-011-5169-6\_5}
}


@incollection{mani2011,
  author = {Karthik Mani and Dimitri Mavriplis},
  title = {Efficient Solutions of the Euler Equations in a Time-Adaptive Space-Time Framework},
  booktitle = {49th AIAA Aerospace Sciences Meeting including the New Horizons Forum and Aerospace Exposition},
  doi = {10.2514/6.2011-774},
  publisher = {American Institute of Aeronautics and Astronautics},
  year = 2011
}

%  journal = {Journal of Computational Physics},
@article{potanza_reddy,
  author = {J. P. Pontaza and J. N. Reddy},
  title = {Space-time Coupled Spectral/Hp Least-squares Finite Element Formulation for the Incompressible Navier-Stokes Equations},
  journal = {J. Comput. Phys.},
  issue_date = {1 July 2004},
  volume = {197},
  number = {2},
  month = {jul},
  year = {2004},
  pages = {418--459},
  doi = {10.1016/j.jcp.2003.11.030},
  publisher = {Academic Press Professional, Inc.},
  address = {San Diego, CA, USA},
} 

%journal = {International Journal for Numerical Methods in Fluids},
@article{rendall2012,
  author = {Thomas C. S. Rendall and Christian B. Allen and Edward D. C. Power},
  title = {Conservative unsteady aerodynamic simulation of arbitrary boundary motion using structured and unstructured meshes in time},
  journal = {Int. J. Numer. Meth. Fluids},
  volume = {70},
  number = {12},
  doi = {10.1002/fld.2756},
  pages = {1518--1542},
  year = {2012}
}

%journal = "Computer Methods in Applied Mechanics and Engineering ",
@article{tezduyar,
  author = "Tayfun E. Tezduyar and Sunil Sathe and Ryan Keedy and Keith Stein",
  title = "Spaceâ€“time finite element techniques for computation of fluidâ€“structure interactions ",
  journal = "Computer Meth. Appl. Mech. Engrg.",
  volume = "195",
  number = "17--18",
  pages = "2002--2027",
  year = "2006",
  doi = "10.1016/j.cma.2004.09.014"
}

%  publisher =	 {Oxford Univ Pr},
@book{verfurth2013,
  author =	 {R\"{u}diger Verf\"{u}rth},
  title =	 {A Posteriori Error Estimation Techniques for Finite Element Methods},
  publisher =	 {Oxford University Press},
  year =	 2008,
  address =	 {Oxford}
}

@book{verfurth1996,
  author =	 {R\"{u}diger Verf\"{u}rth},
  title =	 {A Review of A Posteriori Error Estimation and Adaptive Mesh-Refinement Techniques},
  publisher =	 {Wiley-Teubner},
  year =	 1996,
  address =	 {New York and Stuttgart}
}

% journal = "Computers \& Fluids ",
@article{wang2015,
  author = "Luming Wang and Per-Olof Persson",
  title = "A high-order discontinuous Galerkin method with unstructured spaceâ€“time meshes for two-dimensional compressible flows on domains with large deformations ",
  journal = "Comput Fluids",
  volume = "118",
  pages = "53--68",
  year = "2015",
  doi = "10.1016/j.compfluid.2015.05.026"
}

%  journal = "Numerical Mathematics Theory Methods and Applications ",
@article{zhang,
  author = "Lin-Bo Zhang",
  title = "A Parallel Algorithm for Adaptive Local Refinement of Tetrahedral Meshes Using Bisection ",
  journal = "Numer. Math. Theor. Meth. Appl.",
  volume = "2",
  number = "1",
  pages = "65--89",
  year = "2009"
}

%journal = {SIAM Journal on Scientific Computing}
@article{narayan,
  author = {Akil Narayan and Dongbin Xiu},
  title = {Stochastic Collocation Methods on Unstructured Grids in High Dimensions via Interpolation},
  journal = {SIAM J. Sci. Comput.},
  volume = {34},
  number = {3},
  pages = {A1729--A1752},
  year = {2012},
  doi = {10.1137/110854059}
}

%journal = {SIAM Journal on Scientific Computing}
@article{wan,
  author = {Xiaoliang Wan and George Em Karniadakis},
  title = {Multi-Element Generalized Polynomial Chaos for Arbitrary Probability Measures},
  journal = {SIAM J. Sci. Comput.},
  volume = {28},
  number = {3},
  pages = {901--928},
  year = {2006},
  doi = {10.1137/050627630}
}

%journal = {SIAM Journal on Scientific Computing}
@article{debusschere,
  author = {Bert J. Debusschere and Habib N. Najm and Philippe P. PÃ©bay and Omar M. Knio and Roger G. Ghanem and Olivier P. Le MaÄ±âtre},
  title = {Numerical Challenges in the Use of Polynomial Chaos Representations for Stochastic Processes},
  journal = {SIAM J. Sci. Comput.},
  volume = {26},
  number = {2},
  pages = {698--719},
  year = {2004},
  doi = {10.1137/S1064827503427741}
}

%journal = {SIAM Journal on Scientific Computing}
@article{soize,
  author = {Christian Soize and Roger Ghanem},
  title = {Physical Systems with Random Uncertainties: Chaos Representations with Arbitrary Probability Measure},
  journal = {SIAM J. Sci. Comput.},
  volume = {26},
  number = {2},
  pages = {395--410},
  year = {2004},
  doi = {10.1137/S1064827503424505}
}

@Misc{bw,
  title = {Blue Waters User Portal \textbar{} System Summary},
  url = {https://bluewaters.ncsa.illinois.edu/hardware-summary},
  urldate =	 {2016/03/08}
}

@Misc{siam2013,
  author = "Jeffrey Hittinger and Sven Leyffer and Jack Dongarra",
  title = "Models and Algorithms for Exascale Computing Pose Challenges for Applied Mathematicians",
  howpublished = "SIAM News ",
  volume = 46,
  number = 10,
  year = 2013
}

@Misc{phg,
  title = {PHG (Parallel Hierarchical Grid)},
  url = {http://lsec.cc.ac.cn/phg/},
  urldate =	 {2016/03/08}
}

@Misc{stampede,
  title = {Texas Advanced Computing Center - Stampede Technical Details},
  url = {https://www.tacc.utexas.edu/resources/hpc/stampede-technical},
  urldate =	 {2016/03/08}
}

@article{amini2013,
  title={Engineering fluid flow using sequenced microstructures},
  author={Amini, Hamed and Sollier, Elodie and Masaeli, Mahdokht and Xie, Yu and Ganapathysubramanian, Baskar and Stone, Howard A and Di Carlo, Dino},
  journal={Nature communications},
  volume={4},
  pages={1826},
  year={2013},
  publisher={Nature Research}
}

@article{stoecklein2014,
  title={Micropillar sequence designs for fundamental inertial flow transformations},
  author={Stoecklein, Daniel and Wu, Chueh-Yu and Owsley, Keegan and Xie, Yu and Di Carlo, Dino and Ganapathysubramanian, Baskar},
  journal={Lab on a Chip},
  volume={14},
  number={21},
  pages={4197--4204},
  year={2014},
  publisher={Royal Society of Chemistry}
}

@article{amini2014,
  title={Inertial microfluidic physics},
  author={Amini, Hamed and Lee, Wonhee and Di Carlo, Dino},
  journal={Lab on a Chip},
  volume={14},
  number={15},
  pages={2739--2761},
  year={2014},
  publisher={Royal Society of Chemistry}
}

@article{segre1962a,
  title={Behaviour of macroscopic rigid spheres in Poiseuille flow Part 1. Determination of local concentration by statistical analysis of particle passages through crossed light beams},
  author={Segre, G and Silberberg, A},
  journal={Journal of fluid mechanics},
  volume={14},
  number={1},
  pages={115--135},
  year={1962},
  publisher={Cambridge University Press}
}

@article{segre1962b,
  title={Behaviour of macroscopic rigid spheres in Poiseuille flow Part 2. Experimental results and interpretation},
  author={Segr{\'e}, G and Silberberg, A},
  journal={Journal of fluid mechanics},
  volume={14},
  number={1},
  pages={136--157},
  year={1962},
  publisher={Cambridge University Press}
}
% A11
@article{ateya2008good,
  title={The good, the bad, and the tiny: a review of microflow cytometry},
  author={Ateya, Daniel A and Erickson, Jeffrey S and Howell, Peter B and Hilliard, Lisa R and Golden, Joel P and Ligler, Frances S},
  journal={Analytical and bioanalytical chemistry},
  volume={391},
  number={5},
  pages={1485--1498},
  year={2008},
  publisher={Springer}
}
% A12
@article{squires2008making,
  title={Making it stick: convection, reaction and diffusion in surface-based biosensors},
  author={Squires, Todd M and Messinger, Robert J and Manalis, Scott R},
  journal={Nature biotechnology},
  volume={26},
  number={4},
  pages={417--426},
  year={2008},
  publisher={Nature Publishing Group}
}
% A13
@article{stott2010isolation,
  title={Isolation of circulating tumor cells using a microvortex-generating herringbone-chip},
  author={Stott, Shannon L and Hsu, Chia-Hsien and Tsukrov, Dina I and Yu, Min and Miyamoto, David T and Waltman, Belinda A and Rothenberg, S Michael and Shah, Ajay M and Smas, Malgorzata E and Korir, George K and others},
  journal={Proceedings of the National Academy of Sciences},
  volume={107},
  number={43},
  pages={18392--18397},
  year={2010},
  publisher={National Acad Sciences}
}
% A2
@article{randall2011three,
  title={Three-dimensional microwell arrays for cell culture},
  author={Randall, Christina L and Kalinin, Yevgeniy V and Jamal, Mustapha and Manohar, Tanmay and Gracias, David H},
  journal={Lab on a Chip},
  volume={11},
  number={1},
  pages={127--131},
  year={2011},
  publisher={Royal Society of Chemistry}
}
%A3
@article{kim2011single,
  title={Single exposure fabrication and manipulation of 3D hydrogel cell microcarriers},
  author={Kim, Lily Nari and Choi, Sung-Eun and Kim, Junhoi and Kim, Hyoki and Kwon, Sunghoon},
  journal={Lab on a Chip},
  volume={11},
  number={1},
  pages={48--51},
  year={2011},
  publisher={Royal Society of Chemistry}
}
% A4
@article{van1969homogeneous,
  title={Homogeneous cultivation of animal cells for the production of virus and virus products},
  author={Van Hemert, P and Kilburn, DG and Van Wezel, AL},
  journal={Biotechnology and bioengineering},
  volume={11},
  number={5},
  pages={875--885},
  year={1969},
  publisher={Wiley Online Library}
}
% A5
@article{pacak2013microcarrier,
  title={Microcarrier-based expansion of adult murine side population stem cells},
  author={Pacak, Christina A and Eddy, Mau-Thek and Woodhull, Lindsey and Wang, Kai-Roy and Alpatov, Ivan and Fullen, Shelby and Dowd, Rory P and Choi, Yeong-Hoon and Cowan, Douglas B},
  journal={PloS one},
  volume={8},
  number={1},
  pages={e55187},
  year={2013},
  publisher={Public Library of Science}
}
% A6
@article{abeille2014continuous,
  title={Continuous microcarrier-based cell culture in a benchtop microfluidic bioreactor},
  author={Abeille, F and Mittler, F and Obeid, P and Huet, M and Kermarrec, F and Dolega, ME and Navarro, F and Pouteau, P and Icard, B and Gidrol, X and others},
  journal={Lab on a Chip},
  volume={14},
  number={18},
  pages={3510--3518},
  year={2014},
  publisher={Royal Society of Chemistry}
}
% A7
@article{liu2014photonic,
  title={Photonic crystal encoded microcarriers for biomaterial evaluation},
  author={Liu, Wei and Shang, Luoran and Zheng, Fuyin and Lu, Jie and Qian, Jinglian and Zhao, Yuanjin and Gu, Zhongze},
  journal={Small},
  volume={10},
  number={1},
  pages={88--93},
  year={2014},
  publisher={Wiley Online Library}
}

%% This BibTeX bibliography file was created using BibDesk.
%% http://bibdesk.sourceforge.net/


%% Created for Olga Wodo at 2014-10-29 14:36:49 -0400 


%% Saved with string encoding Unicode (UTF-8)

@article{zabaras2006modelling,
  title={Modelling dendritic solidification with melt convection using the extended finite element method},
  author={Zabaras, Nicholas and Ganapathysubramanian, Baskar and Tan, Lijian},
  journal={Journal of Computational Physics},
  volume={218},
  number={1},
  pages={200--227},
  year={2006},
  publisher={Elsevier}
}


@article{BG-DeepLearning2017b,
title={Deep Learning for Flow Sculpting: Insights into Efficient Learning using Scientific Simulation Data},
  author={Stoecklein, Daniel and Lore, Kin Gwn and Davies, Michael and Sarkar, Soumik and Ganapathysubramanian, Baskar},
  journal={Scientific Reports},
  volume={7},
  pages={srep46368},
  year={2017},
  publisher={Nature Publishing Group}}


@article{BG-DeepLearning2017a,
  title={A Deep Learning framework for Causal Shape Transformation},
  author={Lore, K.G. and Stoecklein, D. and Davies, M. and Ganapathysubramanian, B. and Sarkar, S.},
  journal={IEEE Transactions on Neural Networks and Learning Systems},
  year={(submitted)}
}


@article{BG-DeepLearning2015,
  title={Hierarchical Feature Extraction for Efficient Design of Microfluidic Flow Patterns},
  author={Lore, K.G. and Stoecklein, D. and Davies, M. and Ganapathysubramanian, B. and Sarkar, S.},
  journal={Journal of Machine Learning Research},
  volume={44},
  year={2015}
}


@article{Pokuri2016,
  title={Morphology control in polymer blend fibers: a high throughput computing approach},
  author={Pokuri, B. S. S. and Ganapathysubramanian, B.},
  journal={Modelling and Simulation in Materials Science and Engineering},
  volume={24},
  number={6},
  pages={065012},
  year={2016},
  publisher={IOP Publishing}
}


@article{kippWodo2015,
  title={Achieving Bicontinuous Microemulsion Like Morphologies in Organic Photovoltaics},
  author={Kipp, D. and Wodo, O. and Ganapathysubramanian, B. and Ganesan, V.},
  journal={ACS Macro Letters},
  volume={4},
  number={2},
  pages={266--270},
  year={2015}
}


@inproceedings{aboulhassan2015,
  title={A Novel Framework for Visual Detection and Exploration of Performance Bottlenecks in Organic Photovoltaic Solar Cell Materials},
  author={Aboulhassan, A. and Baum, D. and Wodo, O. and Ganapathysubramanian, B. and Amassian, A. and Hadwiger, M.},
  booktitle={Computer Graphics Forum},
  volume={34},
  pages={401--410},
  year={2015}
}


@article{Coma2015,
 title={Automated, high throughput exploration of process--structure--property relationships using the MapReduce paradigm},
  author={Wodo, O. and Zola, J. and Pokuri, B. S. S. and Du, P. and Ganapathysubramanian, B.},
  journal={Materials Discovery},
  volume={1},
  pages={21--28},
  year={2015},
  publisher={Elsevier}
}

@article{ ZhaoWodo2015,
	Author  = {Zhao, K. and Wodo, O. et all.},
	Title   = {Dynamically controlled vertical phase separation in small molecule:polymer blend organic thin film transistors},
	Journal = {Advanced Functional Materials},
	  volume={26},
	  pages={1737--1746},
	Year    = {2016}
}

@article{FastWodo2015,
	Author = {Fast, T. and Wodo, O. and Ganapathysubramanian, B. and  Kalidindi, S.},
	Title = {Microstructure Taxonomy based on Higher-Order Spatial Correlations and Informatics: Application to Coarsening},
	journal={Acta Materialia},
	 volume={108},
  	pages={176--185},
  	year={2016},
}

@article{DiazMontes2014,
	Author = {Diaz-Montes, J. and Xie, Y. and Rodero, I. and Zola, J. and Ganapathysubramanian, B. and Parashar, M.},
	Doi = {10.1109/MCSE.2013.134},
	Journal = {Computing in Science \& Engineering},
	Number = {4},
	Pages = {62--72},
	Title = {Federated Computing for the Masses -- Aggregating Resources to Tackle Large-Scale Engineering Problems},
	Volume = {16},
	Year = {2014},
	Bdsk-Url-1 = {http://dx.doi.org/10.1109/MCSE.2013.134}}


@article{WG14-LSA,
	Author = {Wodo, O. and Ganapathysubramanian, B.},
	Date-Added = {2014-10-14 18:04:22 +0000},
	Date-Modified = {2014-10-14 18:05:18 +0000},
	Doi = {http://dx.doi.org/10.1063/1.4898136},
	Eid = 153104,
	Journal = {Applied Physics Letters},
	Number = {15},
	Pages = {-},
	Title = {How do evaporating thin films evolve? Unravelling phase-separation mechanisms during solvent-based fabrication of polymer blends},
	Volume = {105},
	Year = {2014},
	Bdsk-Url-1 = {http://scitation.aip.org/content/aip/journal/apl/105/15/10.1063/1.4898136},
	Bdsk-Url-2 = {http://dx.doi.org/10.1063/1.4898136}}

@article{LeeWodo2014,
	Author = {Lee, C.K. and Wodo, O. and Ganapathysubramanian, B. and Pao, C.W.},
	Date-Added = {2013-10-28 21:09:09 +0000},
	Date-Modified = {2014-10-29 18:36:21 +0000},
	Journal = {ACS Applied Materials \& Interfaces},
	Volume = {6},
	Pages = {20612-20624},
	Title = {Electrode Materials, Thermal Annealing Sequences, and Lateral/Vertical Phase Separation of Polymer Solar Cells from Multiscale Molecular Simulations},
	Year = {2014}}


@article{SciProg2013,
	Author = {Samudrala, S.K. and Zola, J. and Aluru, S. and Ganapathysubramanian, B.},
	Date-Modified = {2014-10-29 18:36:47 +0000},
	Doi = {DOI: 10.3233/SPR-140401},
	Journal = {Scientific Programming},
	Title = {Parallel Framework for Dimensionality Reduction of Large-Scale Datasets},
	Year = {2014 (DOI: 10.3233/SPR-140401)},
	Bdsk-Url-1 = {http://dx.doi.org/10.3233/SPR-140401}}


@inproceedings{MTAGS2013,
	Author = {Diaz-Montes, J. and Xie, Y. and Rodero, I. and Zola, J. and Ganapathysubramanian, B. and Parashar, M.},
	Booktitle = {Proc. of Workshop on Many-Task Computing on Clouds, Grids, and Supercomputers},
	Title = {Exploring the Use of Elastic Resource Federations for Enabling Large-Scale ScientificWorkflows},
	Year = {2013}}

@conference{WHRDG2013-MRSFall,
	Author = {Wodo, O. and Herzing, A. and Richter, L. J. and {DeLongchamp}, D. M. and Ganapathsubramanian, B.},
	Booktitle = {Presented during MRS, Fall Meeting},
	Date-Added = {2013-10-29 13:36:16 +0000},
	Date-Modified = {2013-10-29 13:36:16 +0000},
	Title = {Computational characterization method for probing 3D morphology of organic solar cells},
	Year = {2013}}

@conference{WG2013-THconf,
	Author = {Wodo, O. and Ganapathysubramanian, B.},
	Booktitle = {Presented during Conference celebrating 70th birthday of Thomas Hughes},
	Date-Added = {2013-10-29 13:33:44 +0000},
	Date-Modified = {2013-10-29 13:33:44 +0000},
	Title = {Predictive modeling of multi physics phenomena during fabrication of thin organic films},
	Year = {2013}}

@article{kodali2012computational,
  title={A computational framework to investigate charge transport in heterogeneous organic photovoltaic devices},
  author={Kodali, Hari K and Ganapathysubramanian, Baskar},
  journal={Computer Methods in Applied Mechanics and Engineering},
  volume={247},
  pages={113--129},
  year={2012},
  publisher={Elsevier}
}

@article{kodali2012computer,
  title={Computer simulation of heterogeneous polymer photovoltaic devices},
  author={Kodali, Hari K and Ganapathysubramanian, Baskar},
  journal={Modelling and Simulation in Materials Science and Engineering},
  volume={20},
  number={3},
  pages={035015},
  year={2012},
  publisher={IOP Publishing}
}

@article{kodali2013sensitivity,
	Author = {Kodali, H. K. and Ganapathysubramanian, B.},
	Date-Added = {2013-10-29 13:29:37 +0000},
	Date-Modified = {2014-10-29 14:41:32 +0000},
	Journal = {Solar Energy Materials and Solar Cells},
	Pages = {66--73},
	Publisher = {North-Holland},
	Title = {Sensitivity analysis of current generation in organic solar cells---comparing bilayer, sawtooth, and bulk heterojunction morphologies},
	Volume = {111},
	Year = {2013}}

@article{SamudralaBaskar2013,
	Author = {Samudrala, S. and Wodo, O. and Suram, S. K. and Broderick. S. and Rajan, K. and Ganapathysubramanian, B},
	Date-Added = {2013-10-29 13:28:10 +0000},
	Date-Modified = {2013-10-29 13:28:10 +0000},
	Journal = {Computational Materials Science},
	Owner = {owodo},
	Pages = {335-342},
	Timestamp = {2011.12.04},
	Title = {A Graph-Theoretic Approach for Characterization of Precipitates from Atom Probe Tomography data},
	Volume = {77},
	Year = {2013}}

@article{WRMG2013-EES,
	Author = {Wodo, O. and Roehling, J. and Moule, A. and Ganapathsubramanian, B.},
	Date-Added = {2013-10-28 21:07:56 +0000},
	Date-Modified = {2013-10-28 21:07:56 +0000},
	Journal = {Energy and Environmental Science},
	Pages = {3060-3070},
	Title = {Quantifying organic solar cell morphology: A computational study of three-dimensional maps},
	Volume = {6},
	Year = {2013}}


@article{WodoBaskar2012-CmpMatSc,
	Author = {Wodo, O. and Ganapathysubramanian, B.},
	Date-Added = {2013-10-28 20:55:33 +0000},
	Date-Modified = {2013-10-28 20:55:33 +0000},
	Journal = {Computational Materials Science},
	Owner = {owodo},
	Pages = {113-126},
	Timestamp = {2011.07.19},
	Title = {Modeling morphology evolution during solvent-based fabrication of organic solar cells},
	Volume = {55},
	Year = {2012}}

@conference{WZG2012-Coma-IWCMMconf,
	Author = {Wodo, O. and Zola, J. and Ganapathsubramanian, B.},
	Booktitle = {Presented duing IWCMM, Baltimore},
	Date-Added = {2013-10-29 13:38:56 +0000},
	Date-Modified = {2013-10-29 13:38:56 +0000},
	Title = {COMA - cloud open morphology analyzer: quantifying the relative importance of morphological features on organic PV performance},
	Year = {2012}}

@article{WodoBaskar2012-JAP,
	Author = {Wodo, O. and Tirthapura, S. and Chaudhary, S. and Ganapathysubramanian, B.},
	Date-Added = {2013-10-28 21:08:32 +0000},
	Date-Modified = {2013-10-28 21:08:32 +0000},
	Journal = {Journal of Applied Physics},
	Owner = {owodo},
	Pages = {06431},
	Timestamp = {2011.03.09},
	Title = {Computational Characterization of Bulk Heterojunction Nanomorphology},
	Volume = {12},
	Year = {2012}}


@article{WodoBaskar2012-OE,
	Author = {Wodo, O. and Tirthapura, S. and Chaudhary, S. and Ganapathysubramanian, B.},
	Date-Added = {2013-10-28 20:54:06 +0000},
	Date-Modified = {2013-10-28 20:54:06 +0000},
	Journal = {Organic Electronics},
	Owner = {owodo},
	Pages = {1105-1113},
	Timestamp = {2011.03.09},
	Title = {A graph-based formulation for characterizing morphology with application to organic solar cells},
	Volume = {13},
	Year = {2012}}

@conference{AWG11a,
	Author = {Amassian, A. and Wodo, O. and Yan, B. and Chou, K. W. and Li, R. and Zhao, K. and Sougrat, R. and Cha, D. and Ganapathysubramanian, B.},
	Booktitle = {Presented during MRS, Fall Meeting},
	Date-Added = {2013-10-29 13:30:50 +0000},
	Date-Modified = {2013-10-29 13:30:50 +0000},
	Owner = {owodo},
	Timestamp = {2011.12.04},
	Title = {Injecting Computation into the Investigation of Morphological Evolution of the Bulk Heterojunction Layer},
	Year = {2011}}

@article{WodoBaskar2011-JCP,
	Author = {Wodo, O and Ganapathysubramanian, B.},
	Date-Added = {2013-10-28 20:54:06 +0000},
	Date-Modified = {2013-10-28 20:54:06 +0000},
	Journal = {Journal of Computational Physics},
	Owner = {baskar-Office1},
	Pages = {6037-6060},
	Timestamp = {2011.10.15},
	Title = {Computationally efficient solution to the {C}ahn-{H}illiard equation: adaptive implicit time schemes, mesh sensitivity analysis and the 3{D} isoperimetric problem},
	Volume = {230},
	Year = {2011}}


@misc{WG10b,
	Author = {Wodo, O. and Ganapathysubramanian, B.},
	Date-Added = {2013-10-29 13:31:31 +0000},
	Date-Modified = {2013-10-29 13:31:31 +0000},
	Howpublished = {Presented at 9th World Congress on Computational Mechanics, Sydney, Australia},
	Month = {July 19-23},
	Owner = {owodo},
	Timestamp = {2010.09.21},
	Title = {Multiscale framework to model morphological evolution during spin-coating of active layer for organic solar cells},
	Year = {2010}}



@misc{Kahni1,
	Author = {P'rout, K. and Wodo, O. and Ganapathysubramanian, B.},
	Date-Added = {2013-10-28 20:49:58 +0000},
	Date-Modified = {2013-10-28 20:49:58 +0000},
	Howpublished = {5th Peach State Louis Stokes Alliance for Minority Participation (PS-LSAMP)},
	Month = {September 24-25},
	Note = {University of Georgia, Athens, Ga},
	Owner = {owodo},
	Timestamp = {2011.07.24},
	Title = {Analyzing the Morphological Structure of a Polymer Photovoltaic Cell through Computational Homology},
	Year = {2010}}

@misc{Kahni2,
	Author = {P'rout, K. and Wodo, O. and Ganapathysubramanian, B.},
	Date-Added = {2013-10-28 20:49:58 +0000},
	Date-Modified = {2013-10-28 20:49:58 +0000},
	Howpublished = {Annual Biomedical Research Conference for Minority Students},
	Month = {November 10-13th},
	Note = {Charlotte, North Carolina},
	Owner = {owodo},
	Timestamp = {2011.07.24},
	Title = {Analyzing the Morphological Structure of a Polymer Photovoltaic Cell through Computational Homology},
	Year = {2010}}

@misc{Kahni3,
	Author = {P'rout, K. and Wodo, O. and Ganapathysubramanian, B.},
	Date-Added = {2013-10-28 20:49:58 +0000},
	Date-Modified = {2013-10-28 20:49:58 +0000},
	Howpublished = {Emerging Researchers National (ERN) conference in STEM 2011},
	Month = {Feb 24-26},
	Note = {Washington DC},
	Owner = {owodo},
	Timestamp = {2011.07.24},
	Title = {Analyzing the Morphological Structure of a Polymer Photovoltaic Cell through Computational Homology},
	Year = {2011}}



@inproceedings{Zola2004b,
	Author = {Zola, J. and Lacinski, L. and Wyrzykowski, R.},
	Booktitle = {Proc. IUTAM Symposium on Evolutionary Methods in Mechanics},
	Doi = {10.1007/1-4020-2267-0_33},
	Pages = {351--360},
	Series = {Solid Mechanics and Its Applications},
	Title = {An Object Oriented Library for Evolution Programs},
	Volume = {117},
	Year = {2004},
	Bdsk-Url-1 = {http://dx.doi.org/10.1007/1-4020-2267-0_33}}

@misc{FlowSculpt,
  author = {B. Ganapathysubramanian, D. Stoecklein, D. DiCarlo},
  title = {FlowSculpt},
  year = {2017},
  publisher = {GitHub},
  journal = {GitHub repository},
  howpublished = {\url{https://bitbucket.org/baskargroup/flowsculptga}},
  commit = {54dd675}
}

@misc{uFlow,
  author = {D. DIcarlo and B. Ganapathysubramanian groups},
  title = {uFlow},
  year = {2015},
  publisher = {biomicrofluidics},
  journal = {},
  howpublished = {\url{http://biomicrofluidics.com/software.php}},
}

@article{uFlow_Ex1,
  title={Optofluidic fabrication for 3D-shaped particles},
  author={Paulsen, Kevin S and Di Carlo, Dino and Chung, Aram J},
  journal={Nature communications},
  volume={6},
  year={2015},
  publisher={Nature Publishing Group}
}

@article{uFlow_Ex2,
  title={Rapid Software-Based Design and Optical Transient Liquid Molding of Microparticles},
  author={Wu, Chueh-Yu and Owsley, Keegan and Di Carlo, Dino},
  journal={Advanced Materials},
  volume={27},
  number={48},
  pages={7970--7978},
  year={2015},
  publisher={Wiley Online Library}
}
@article{uFlow_Ex3,
  title={Non-spherical particle generation from 4D optofluidic fabrication},
  author={Paulsen, Kevin S and Chung, Aram J},
  journal={Lab on a Chip},
  volume={16},
  number={16},
  pages={2987--2995},
  year={2016},
  publisher={Royal Society of Chemistry}
}

@article{uFlow_Ex4,
  title={Fabricating shaped microfibers with inertial microfluidics},
  author={Nunes, Janine K and Wu, Chueh-Yu and Amini, Hamed and Owsley, Keegan and Di Carlo, Dino and Stone, Howard A},
  journal={Advanced Materials},
  volume={26},
  number={22},
  pages={3712--3717},
  year={2014},
  publisher={Wiley Online Library}
}




@article{amini2013,
  title={Engineering fluid flow using sequenced microstructures},
  author={Amini, Hamed and Sollier, Elodie and Masaeli, Mahdokht and Xie, Yu and Ganapathysubramanian, Baskar and Stone, Howard A and Di Carlo, Dino},
  journal={Nature communications},
  volume={4},
  pages={1826},
  year={2013},
  publisher={Nature Research}
}

@article{stoecklein2014,
  title={Micropillar sequence designs for fundamental inertial flow transformations},
  author={Stoecklein, Daniel and Wu, Chueh-Yu and Owsley, Keegan and Xie, Yu and Di Carlo, Dino and Ganapathysubramanian, Baskar},
  journal={Lab on a Chip},
  volume={14},
  number={21},
  pages={4197--4204},
  year={2014},
  publisher={Royal Society of Chemistry}
}

@article{Dan_PoF,
author = {Daniel Stoecklein and Chueh-Yu Wu and Donghyuk Kim and Dino Di Carlo and Baskar Ganapathysubramanian},
title = {Optimization of micropillar sequences for fluid flow sculpting},
journal = {Physics of Fluids},
volume = {28},
number = {1},
pages = {012003},
year = {2016},
doi = {10.1063/1.4939512},

URL = { 
        https://doi.org/10.1063/1.4939512
    
},
eprint = { 
        https://doi.org/10.1063/1.4939512
    
}

}

@article{amini2014,
  title={Inertial microfluidic physics},
  author={Amini, Hamed and Lee, Wonhee and Di Carlo, Dino},
  journal={Lab on a Chip},
  volume={14},
  number={15},
  pages={2739--2761},
  year={2014},
  publisher={Royal Society of Chemistry}
}

@article{segre1962a,
  title={Behaviour of macroscopic rigid spheres in Poiseuille flow Part 1. Determination of local concentration by statistical analysis of particle passages through crossed light beams},
  author={Segre, G and Silberberg, A},
  journal={Journal of fluid mechanics},
  volume={14},
  number={1},
  pages={115--135},
  year={1962},
  publisher={Cambridge University Press}
}

@article{segre1962b,
  title={Behaviour of macroscopic rigid spheres in Poiseuille flow Part 2. Experimental results and interpretation},
  author={Segr{\'e}, G and Silberberg, A},
  journal={Journal of fluid mechanics},
  volume={14},
  number={1},
  pages={136--157},
  year={1962},
  publisher={Cambridge University Press}
}
% A11
@article{ateya2008good,
  title={The good, the bad, and the tiny: a review of microflow cytometry},
  author={Ateya, Daniel A and Erickson, Jeffrey S and Howell, Peter B and Hilliard, Lisa R and Golden, Joel P and Ligler, Frances S},
  journal={Analytical and bioanalytical chemistry},
  volume={391},
  number={5},
  pages={1485--1498},
  year={2008},
  publisher={Springer}
}
% A12
@article{squires2008making,
  title={Making it stick: convection, reaction and diffusion in surface-based biosensors},
  author={Squires, Todd M and Messinger, Robert J and Manalis, Scott R},
  journal={Nature biotechnology},
  volume={26},
  number={4},
  pages={417--426},
  year={2008},
  publisher={Nature Publishing Group}
}
% A13
@article{stott2010isolation,
  title={Isolation of circulating tumor cells using a microvortex-generating herringbone-chip},
  author={Stott, Shannon L and Hsu, Chia-Hsien and Tsukrov, Dina I and Yu, Min and Miyamoto, David T and Waltman, Belinda A and Rothenberg, S Michael and Shah, Ajay M and Smas, Malgorzata E and Korir, George K and others},
  journal={Proceedings of the National Academy of Sciences},
  volume={107},
  number={43},
  pages={18392--18397},
  year={2010},
  publisher={National Acad Sciences}
}
% A2
@article{randall2011three,
  title={Three-dimensional microwell arrays for cell culture},
  author={Randall, Christina L and Kalinin, Yevgeniy V and Jamal, Mustapha and Manohar, Tanmay and Gracias, David H},
  journal={Lab on a Chip},
  volume={11},
  number={1},
  pages={127--131},
  year={2011},
  publisher={Royal Society of Chemistry}
}
%A3
@article{kim2011single,
  title={Single exposure fabrication and manipulation of 3D hydrogel cell microcarriers},
  author={Kim, Lily Nari and Choi, Sung-Eun and Kim, Junhoi and Kim, Hyoki and Kwon, Sunghoon},
  journal={Lab on a Chip},
  volume={11},
  number={1},
  pages={48--51},
  year={2011},
  publisher={Royal Society of Chemistry}
}
% A4
@article{van1969homogeneous,
  title={Homogeneous cultivation of animal cells for the production of virus and virus products},
  author={Van Hemert, P and Kilburn, DG and Van Wezel, AL},
  journal={Biotechnology and bioengineering},
  volume={11},
  number={5},
  pages={875--885},
  year={1969},
  publisher={Wiley Online Library}
}
% A5
@article{pacak2013microcarrier,
  title={Microcarrier-based expansion of adult murine side population stem cells},
  author={Pacak, Christina A and Eddy, Mau-Thek and Woodhull, Lindsey and Wang, Kai-Roy and Alpatov, Ivan and Fullen, Shelby and Dowd, Rory P and Choi, Yeong-Hoon and Cowan, Douglas B},
  journal={PloS one},
  volume={8},
  number={1},
  pages={e55187},
  year={2013},
  publisher={Public Library of Science}
}
% A6
@article{abeille2014continuous,
  title={Continuous microcarrier-based cell culture in a benchtop microfluidic bioreactor},
  author={Abeille, F and Mittler, F and Obeid, P and Huet, M and Kermarrec, F and Dolega, ME and Navarro, F and Pouteau, P and Icard, B and Gidrol, X and others},
  journal={Lab on a Chip},
  volume={14},
  number={18},
  pages={3510--3518},
  year={2014},
  publisher={Royal Society of Chemistry}
}
% A7
@article{liu2014photonic,
  title={Photonic crystal encoded microcarriers for biomaterial evaluation},
  author={Liu, Wei and Shang, Luoran and Zheng, Fuyin and Lu, Jie and Qian, Jinglian and Zhao, Yuanjin and Gu, Zhongze},
  journal={Small},
  volume={10},
  number={1},
  pages={88--93},
  year={2014},
  publisher={Wiley Online Library}
}

%% This BibTeX bibliography file was created using BibDesk.
%% http://bibdesk.sourceforge.net/


%% Created for Olga Wodo at 2014-10-29 14:36:49 -0400 


%% Saved with string encoding Unicode (UTF-8)

@article{zabaras2006modelling,
  title={Modelling dendritic solidification with melt convection using the extended finite element method},
  author={Zabaras, Nicholas and Ganapathysubramanian, Baskar and Tan, Lijian},
  journal={Journal of Computational Physics},
  volume={218},
  number={1},
  pages={200--227},
  year={2006},
  publisher={Elsevier}
}


@article{BG-DeepLearning2017b,
title={Deep Learning for Flow Sculpting: Insights into Efficient Learning using Scientific Simulation Data},
  author={Stoecklein, Daniel and Lore, Kin Gwn and Davies, Michael and Sarkar, Soumik and Ganapathysubramanian, Baskar},
  journal={Scientific Reports},
  volume={7},
  pages={srep46368},
  year={2017},
  publisher={Nature Publishing Group}}


@article{BG-DeepLearning2017a,
  title={A Deep Learning framework for Causal Shape Transformation},
  author={Lore, K.G. and Stoecklein, D. and Davies, M. and Ganapathysubramanian, B. and Sarkar, S.},
  journal={IEEE Transactions on Neural Networks and Learning Systems},
  year={(submitted)}
}


@article{BG-DeepLearning2015,
  title={Hierarchical Feature Extraction for Efficient Design of Microfluidic Flow Patterns},
  author={Lore, K.G. and Stoecklein, D. and Davies, M. and Ganapathysubramanian, B. and Sarkar, S.},
  journal={Journal of Machine Learning Research},
  volume={44},
  year={2015}
}


@article{Pokuri2016,
  title={Morphology control in polymer blend fibers: a high throughput computing approach},
  author={Pokuri, B. S. S. and Ganapathysubramanian, B.},
  journal={Modelling and Simulation in Materials Science and Engineering},
  volume={24},
  number={6},
  pages={065012},
  year={2016},
  publisher={IOP Publishing}
}


@article{kippWodo2015,
  title={Achieving Bicontinuous Microemulsion Like Morphologies in Organic Photovoltaics},
  author={Kipp, D. and Wodo, O. and Ganapathysubramanian, B. and Ganesan, V.},
  journal={ACS Macro Letters},
  volume={4},
  number={2},
  pages={266--270},
  year={2015}
}


@inproceedings{aboulhassan2015,
  title={A Novel Framework for Visual Detection and Exploration of Performance Bottlenecks in Organic Photovoltaic Solar Cell Materials},
  author={Aboulhassan, A. and Baum, D. and Wodo, O. and Ganapathysubramanian, B. and Amassian, A. and Hadwiger, M.},
  booktitle={Computer Graphics Forum},
  volume={34},
  pages={401--410},
  year={2015}
}


@article{Coma2015,
 title={Automated, high throughput exploration of process--structure--property relationships using the MapReduce paradigm},
  author={Wodo, O. and Zola, J. and Pokuri, B. S. S. and Du, P. and Ganapathysubramanian, B.},
  journal={Materials Discovery},
  volume={1},
  pages={21--28},
  year={2015},
  publisher={Elsevier}
}

@article{ ZhaoWodo2015,
	Author  = {Zhao, K. and Wodo, O. et all.},
	Title   = {Dynamically controlled vertical phase separation in small molecule:polymer blend organic thin film transistors},
	Journal = {Advanced Functional Materials},
	  volume={26},
	  pages={1737--1746},
	Year    = {2016}
}

@article{FastWodo2015,
	Author = {Fast, T. and Wodo, O. and Ganapathysubramanian, B. and  Kalidindi, S.},
	Title = {Microstructure Taxonomy based on Higher-Order Spatial Correlations and Informatics: Application to Coarsening},
	journal={Acta Materialia},
	 volume={108},
  	pages={176--185},
  	year={2016},
}

@article{DiazMontes2014,
	Author = {Diaz-Montes, J. and Xie, Y. and Rodero, I. and Zola, J. and Ganapathysubramanian, B. and Parashar, M.},
	Doi = {10.1109/MCSE.2013.134},
	Journal = {Computing in Science \& Engineering},
	Number = {4},
	Pages = {62--72},
	Title = {Federated Computing for the Masses -- Aggregating Resources to Tackle Large-Scale Engineering Problems},
	Volume = {16},
	Year = {2014},
	Bdsk-Url-1 = {http://dx.doi.org/10.1109/MCSE.2013.134}}


@article{WG14-LSA,
	Author = {Wodo, O. and Ganapathysubramanian, B.},
	Date-Added = {2014-10-14 18:04:22 +0000},
	Date-Modified = {2014-10-14 18:05:18 +0000},
	Doi = {http://dx.doi.org/10.1063/1.4898136},
	Eid = 153104,
	Journal = {Applied Physics Letters},
	Number = {15},
	Pages = {-},
	Title = {How do evaporating thin films evolve? Unravelling phase-separation mechanisms during solvent-based fabrication of polymer blends},
	Volume = {105},
	Year = {2014},
	Bdsk-Url-1 = {http://scitation.aip.org/content/aip/journal/apl/105/15/10.1063/1.4898136},
	Bdsk-Url-2 = {http://dx.doi.org/10.1063/1.4898136}}

@article{LeeWodo2014,
	Author = {Lee, C.K. and Wodo, O. and Ganapathysubramanian, B. and Pao, C.W.},
	Date-Added = {2013-10-28 21:09:09 +0000},
	Date-Modified = {2014-10-29 18:36:21 +0000},
	Journal = {ACS Applied Materials \& Interfaces},
	Volume = {6},
	Pages = {20612-20624},
	Title = {Electrode Materials, Thermal Annealing Sequences, and Lateral/Vertical Phase Separation of Polymer Solar Cells from Multiscale Molecular Simulations},
	Year = {2014}}


@article{SciProg2013,
	Author = {Samudrala, S.K. and Zola, J. and Aluru, S. and Ganapathysubramanian, B.},
	Date-Modified = {2014-10-29 18:36:47 +0000},
	Doi = {DOI: 10.3233/SPR-140401},
	Journal = {Scientific Programming},
	Title = {Parallel Framework for Dimensionality Reduction of Large-Scale Datasets},
	Year = {2014 (DOI: 10.3233/SPR-140401)},
	Bdsk-Url-1 = {http://dx.doi.org/10.3233/SPR-140401}}


@inproceedings{MTAGS2013,
	Author = {Diaz-Montes, J. and Xie, Y. and Rodero, I. and Zola, J. and Ganapathysubramanian, B. and Parashar, M.},
	Booktitle = {Proc. of Workshop on Many-Task Computing on Clouds, Grids, and Supercomputers},
	Title = {Exploring the Use of Elastic Resource Federations for Enabling Large-Scale ScientificWorkflows},
	Year = {2013}}

@conference{WHRDG2013-MRSFall,
	Author = {Wodo, O. and Herzing, A. and Richter, L. J. and {DeLongchamp}, D. M. and Ganapathsubramanian, B.},
	Booktitle = {Presented during MRS, Fall Meeting},
	Date-Added = {2013-10-29 13:36:16 +0000},
	Date-Modified = {2013-10-29 13:36:16 +0000},
	Title = {Computational characterization method for probing 3D morphology of organic solar cells},
	Year = {2013}}

@conference{WG2013-THconf,
	Author = {Wodo, O. and Ganapathysubramanian, B.},
	Booktitle = {Presented during Conference celebrating 70th birthday of Thomas Hughes},
	Date-Added = {2013-10-29 13:33:44 +0000},
	Date-Modified = {2013-10-29 13:33:44 +0000},
	Title = {Predictive modeling of multi physics phenomena during fabrication of thin organic films},
	Year = {2013}}

@article{kodali2012computational,
  title={A computational framework to investigate charge transport in heterogeneous organic photovoltaic devices},
  author={Kodali, Hari K and Ganapathysubramanian, Baskar},
  journal={Computer Methods in Applied Mechanics and Engineering},
  volume={247},
  pages={113--129},
  year={2012},
  publisher={Elsevier}
}

@article{kodali2012computer,
  title={Computer simulation of heterogeneous polymer photovoltaic devices},
  author={Kodali, Hari K and Ganapathysubramanian, Baskar},
  journal={Modelling and Simulation in Materials Science and Engineering},
  volume={20},
  number={3},
  pages={035015},
  year={2012},
  publisher={IOP Publishing}
}

@article{kodali2013sensitivity,
	Author = {Kodali, H. K. and Ganapathysubramanian, B.},
	Date-Added = {2013-10-29 13:29:37 +0000},
	Date-Modified = {2014-10-29 14:41:32 +0000},
	Journal = {Solar Energy Materials and Solar Cells},
	Pages = {66--73},
	Publisher = {North-Holland},
	Title = {Sensitivity analysis of current generation in organic solar cells---comparing bilayer, sawtooth, and bulk heterojunction morphologies},
	Volume = {111},
	Year = {2013}}

@article{SamudralaBaskar2013,
	Author = {Samudrala, S. and Wodo, O. and Suram, S. K. and Broderick. S. and Rajan, K. and Ganapathysubramanian, B},
	Date-Added = {2013-10-29 13:28:10 +0000},
	Date-Modified = {2013-10-29 13:28:10 +0000},
	Journal = {Computational Materials Science},
	Owner = {owodo},
	Pages = {335-342},
	Timestamp = {2011.12.04},
	Title = {A Graph-Theoretic Approach for Characterization of Precipitates from Atom Probe Tomography data},
	Volume = {77},
	Year = {2013}}

@article{WRMG2013-EES,
	Author = {Wodo, O. and Roehling, J. and Moule, A. and Ganapathsubramanian, B.},
	Date-Added = {2013-10-28 21:07:56 +0000},
	Date-Modified = {2013-10-28 21:07:56 +0000},
	Journal = {Energy and Environmental Science},
	Pages = {3060-3070},
	Title = {Quantifying organic solar cell morphology: A computational study of three-dimensional maps},
	Volume = {6},
	Year = {2013}}


@article{WodoBaskar2012-CmpMatSc,
	Author = {Wodo, O. and Ganapathysubramanian, B.},
	Date-Added = {2013-10-28 20:55:33 +0000},
	Date-Modified = {2013-10-28 20:55:33 +0000},
	Journal = {Computational Materials Science},
	Owner = {owodo},
	Pages = {113-126},
	Timestamp = {2011.07.19},
	Title = {Modeling morphology evolution during solvent-based fabrication of organic solar cells},
	Volume = {55},
	Year = {2012}}

@conference{WZG2012-Coma-IWCMMconf,
	Author = {Wodo, O. and Zola, J. and Ganapathsubramanian, B.},
	Booktitle = {Presented duing IWCMM, Baltimore},
	Date-Added = {2013-10-29 13:38:56 +0000},
	Date-Modified = {2013-10-29 13:38:56 +0000},
	Title = {COMA - cloud open morphology analyzer: quantifying the relative importance of morphological features on organic PV performance},
	Year = {2012}}

@article{WodoBaskar2012-JAP,
	Author = {Wodo, O. and Tirthapura, S. and Chaudhary, S. and Ganapathysubramanian, B.},
	Date-Added = {2013-10-28 21:08:32 +0000},
	Date-Modified = {2013-10-28 21:08:32 +0000},
	Journal = {Journal of Applied Physics},
	Owner = {owodo},
	Pages = {06431},
	Timestamp = {2011.03.09},
	Title = {Computational Characterization of Bulk Heterojunction Nanomorphology},
	Volume = {12},
	Year = {2012}}


@article{WodoBaskar2012-OE,
	Author = {Wodo, O. and Tirthapura, S. and Chaudhary, S. and Ganapathysubramanian, B.},
	Date-Added = {2013-10-28 20:54:06 +0000},
	Date-Modified = {2013-10-28 20:54:06 +0000},
	Journal = {Organic Electronics},
	Owner = {owodo},
	Pages = {1105-1113},
	Timestamp = {2011.03.09},
	Title = {A graph-based formulation for characterizing morphology with application to organic solar cells},
	Volume = {13},
	Year = {2012}}

@conference{AWG11a,
	Author = {Amassian, A. and Wodo, O. and Yan, B. and Chou, K. W. and Li, R. and Zhao, K. and Sougrat, R. and Cha, D. and Ganapathysubramanian, B.},
	Booktitle = {Presented during MRS, Fall Meeting},
	Date-Added = {2013-10-29 13:30:50 +0000},
	Date-Modified = {2013-10-29 13:30:50 +0000},
	Owner = {owodo},
	Timestamp = {2011.12.04},
	Title = {Injecting Computation into the Investigation of Morphological Evolution of the Bulk Heterojunction Layer},
	Year = {2011}}

@article{WodoBaskar2011-JCP,
	Author = {Wodo, O and Ganapathysubramanian, B.},
	Date-Added = {2013-10-28 20:54:06 +0000},
	Date-Modified = {2013-10-28 20:54:06 +0000},
	Journal = {Journal of Computational Physics},
	Owner = {baskar-Office1},
	Pages = {6037-6060},
	Timestamp = {2011.10.15},
	Title = {Computationally efficient solution to the {C}ahn-{H}illiard equation: adaptive implicit time schemes, mesh sensitivity analysis and the 3{D} isoperimetric problem},
	Volume = {230},
	Year = {2011}}


@misc{WG10b,
	Author = {Wodo, O. and Ganapathysubramanian, B.},
	Date-Added = {2013-10-29 13:31:31 +0000},
	Date-Modified = {2013-10-29 13:31:31 +0000},
	Howpublished = {Presented at 9th World Congress on Computational Mechanics, Sydney, Australia},
	Month = {July 19-23},
	Owner = {owodo},
	Timestamp = {2010.09.21},
	Title = {Multiscale framework to model morphological evolution during spin-coating of active layer for organic solar cells},
	Year = {2010}}



@misc{Kahni1,
	Author = {P'rout, K. and Wodo, O. and Ganapathysubramanian, B.},
	Date-Added = {2013-10-28 20:49:58 +0000},
	Date-Modified = {2013-10-28 20:49:58 +0000},
	Howpublished = {5th Peach State Louis Stokes Alliance for Minority Participation (PS-LSAMP)},
	Month = {September 24-25},
	Note = {University of Georgia, Athens, Ga},
	Owner = {owodo},
	Timestamp = {2011.07.24},
	Title = {Analyzing the Morphological Structure of a Polymer Photovoltaic Cell through Computational Homology},
	Year = {2010}}

@misc{Kahni2,
	Author = {P'rout, K. and Wodo, O. and Ganapathysubramanian, B.},
	Date-Added = {2013-10-28 20:49:58 +0000},
	Date-Modified = {2013-10-28 20:49:58 +0000},
	Howpublished = {Annual Biomedical Research Conference for Minority Students},
	Month = {November 10-13th},
	Note = {Charlotte, North Carolina},
	Owner = {owodo},
	Timestamp = {2011.07.24},
	Title = {Analyzing the Morphological Structure of a Polymer Photovoltaic Cell through Computational Homology},
	Year = {2010}}

@misc{Kahni3,
	Author = {P'rout, K. and Wodo, O. and Ganapathysubramanian, B.},
	Date-Added = {2013-10-28 20:49:58 +0000},
	Date-Modified = {2013-10-28 20:49:58 +0000},
	Howpublished = {Emerging Researchers National (ERN) conference in STEM 2011},
	Month = {Feb 24-26},
	Note = {Washington DC},
	Owner = {owodo},
	Timestamp = {2011.07.24},
	Title = {Analyzing the Morphological Structure of a Polymer Photovoltaic Cell through Computational Homology},
	Year = {2011}}



@inproceedings{Zola2004b,
	Author = {Zola, J. and Lacinski, L. and Wyrzykowski, R.},
	Booktitle = {Proc. IUTAM Symposium on Evolutionary Methods in Mechanics},
	Doi = {10.1007/1-4020-2267-0_33},
	Pages = {351--360},
	Series = {Solid Mechanics and Its Applications},
	Title = {An Object Oriented Library for Evolution Programs},
	Volume = {117},
	Year = {2004},
	Bdsk-Url-1 = {http://dx.doi.org/10.1007/1-4020-2267-0_33}}


@article{forrest2004,
	
	title={The path to ubiquitous and low-cost organic electronic appliances on plastic},
	
	author={Forrest, Stephen R},
	
	journal={Nature},
	
	volume={428},
	
	number={6986},
	
	pages={911--918},
	
	year={2004},
	
	publisher={Nature Publishing Group}
	
}



@article{Dalnoki-Veress1997,
	
	title={Phase separation morphology of spin-coated polymer blend thin films},
	
	author={Dalnoki-Veress, K and Forrest, JA and Stevens, JR and Dutcher, JR},
	
	journal={Physica A: Statistical Mechanics and its Applications},
	
	volume={239},
	
	number={1-3},
	
	pages={87--94},
	
	year={1997},
	
	publisher={Elsevier}
	
}



@article{Pablo2013,
	
	Author = {Qin, Jian and Khaira, Gurdaman S. and Su, Yongrui and Garner, Grant P. and Miskin, Marc and Jaeger, Heinrich M. and de Pablo, Juan J.},
	
	Journal = {Soft Matter},
	
	Number = {48},
	
	Pages = {11467},
	
	Title = {{Evolutionary pattern design for copolymer directed self-assembly}},
	
	Volume = {9},
	
	Year = {2013}}



@article{Boudouris2015,
	
	title={Systematic control of the nanostructure of semiconducting-ferroelectric polymer composites in thin film memory devices},
	
	author={Sung, Seung Hyun and Boudouris, Bryan W},
	
	journal={ACS Macro Letters},
	
	volume={4},
	
	number={3},
	
	pages={293--297},
	
	year={2015},
	
	publisher={ACS Publications}
	
}



@article{Lee2015,
	
	title={Printable solid-state lithium-ion batteries: a new route toward shape-conformable power sources with aesthetic versatility for flexible electronics},
	
	author={Kim, Se-Hee and Choi, Keun-Ho and Cho, Sung-Ju and Choi, Sinho and Park, Soojin and Lee, Sang-Young},
	
	journal={Nano1letters},
	
	volume={15},
	
	number={8},
	
	pages={5168--5177},
	
	year={2015},
	
	publisher={ACS Publications}
	
}



@article{Bjorstrom2005,
	
	title={Multilayer formation in spin-coated thin films of low-bandgap polyfluorene: PCBM blends},
	
	author={Bj{\"o}rstr{\"o}m, Cecilia M and Bernasik, Andrzej and Rysz, Jakub and Budkowski, Andrzej and Nilsson, Svante and Svensson, Mattias and Andersson, Mats R and Magnusson, Kjell O and Moons, Ellen},
	
	journal={Journal of Physics: Condensed Matter},
	
	volume={17},
	
	number={50},
	
	pages={L529},
	
	year={2005},
	
	publisher={IOP Publishing}
	
}



@article{Blom2008,
	
	title={Organic non-volatile memories from ferroelectric phase-separated blends},
	
	author={Asadi, Kamal and De Leeuw, Dago M and De Boer, Bert and Blom, Paul WM},
	
	journal={Nature materials},
	
	volume={7},
	
	number={7},
	
	pages={547--550},
	
	year={2008},
	
	publisher={Nature Publishing Group}
	
}



@article{Lee2017,
	
	title={Organic flash memory on various flexible substrates for foldable and disposable electronics},
	
	author={Lee, Seungwon and Seong, Hyejeong and Im, Sung Gap and Moon, Hanul and Yoo, Seunghyup},
	
	journal={Nature Communications},
	
	volume={8},
	
	number={1},
	
	pages={725},
	
	year={2017},
	
	publisher={Nature Publishing Group}
	
}



@book{Robeson2007,
	
	Author = {Robeson, Lloyd M},
	
	Isbn = {9783446225695},
	
	Pages = {1--459},
	
	Publisher = {Hanser},
	
	Title = {{Polymer blends}},
	
	Url = {http://www.getcited.org/pub/100429951},
	
	Year = {2007},
	
	Bdsk-Url-1 = {http://www.getcited.org/pub/100429951}
	
}





@article{Ju2017,
	
	title={Designing Nanostructures for Phonon Transport via Bayesian Optimization},
	
	author={Ju, Shenghong and Shiga, Takuma and Feng, Lei and Hou, Zhufeng and Tsuda, Koji and Shiomi, Junichiro},
	
	journal={Physical Review X},
	
	volume={7},
	
	number={2},
	
	pages={021024},
	
	year={2017},
	
	publisher={APS}
	
}



@article{Michels2016,
	
	title={Structuring of thin-film polymer mixtures upon solvent evaporation},
	
	author={Schaefer, C and Michels, Jasper J and van der Schoot, PPAM},
	
	journal={Macromolecules},
	
	volume={49},
	
	number={18},
	
	pages={6858--6870},
	
	year={2016},
	
	publisher={ACS Publications}
	
}





@article{Wodo2012a,
	
	Author = {Wodo, Olga and Ganapathysubramanian, Baskar},
	
	Journal = {Computational Materials Science},
	
	Month = {apr},
	
	Pages = {113--126},
	
	Title = {{Modeling morphology evolution during solvent-based fabrication of organic solar cells}},
	
	Volume = {55},
	
	Year = {2012}}



@article{OE2017,
	
	title={Ultra-conformable Organic Field-Effect Transistors and circuits for epidermal electronic applications},
	
	author={Lai, Stefano and Zucca, Alessandra and Cosseddu, Piero and Greco, Francesco and Mattoli, Virgilio and Bonfiglio, Annalisa},
	
	journal={Organic Electronics},
	
	volume={46},
	
	pages={60--67},
	
	year={2017},
	
	publisher={Elsevier}
	
}



@article{VanFraneker2015,
	
	title={Controlling the Dominant Length Scale of Liquid--Liquid Phase Separation in Spin-coated Organic Semiconductor Films},
	
	author={van Franeker, Jacobus J and Westhoff, Daniel and Turbiez, Mathieu and Wienk, Martijn M and Schmidt, Volker and Janssen, Ren{\'e} AJ},
	
	journal={Advanced Functional Materials},
	
	volume={25},
	
	number={6},
	
	pages={855--863},
	
	year={2015},
	
	publisher={Wiley Online Library}
	
}

@article{teichler2013inkjet,
	
	title={Inkjet printing of organic electronics--comparison of deposition techniques and state-of-the-art developments},
	
	author={Teichler, Anke and Perelaer, Jolke and Schubert, Ulrich S},
	
	journal={Journal of Materials Chemistry C},
	
	volume={1},
	
	number={10},
	
	pages={1910--1925},
	
	year={2013},
	
	publisher={Royal Society of Chemistry}
	
}



@article{Kim2009b,
	
	title={A numerical method for the ternary Cahn--Hilliard system with a degenerate mobility},
	
	author={Kim, Junseok and Kang, Kyungkeun},
	
	journal={Applied Numerical Mathematics},
	
	volume={59},
	
	number={5},
	
	pages={1029--1042},
	
	year={2009},
	
	publisher={Elsevier}
	
}



@article{Hoppe2005,
	
	title={Morphology of polymer/fullerene bulk heterojunction solar cells},
	
	author={Hoppe, Harald and Sariciftci, Niyazi Serdar},
	
	journal={Journal of Materials Chemistry},
	
	volume={16},
	
	number={1},
	
	pages={45--61},
	
	year={2006},
	
	publisher={Royal Society of Chemistry}
	
}



@article{Reuss2017,
	
	title={A Circuits and Systems Perspective of Organic/Printed Electronics: Review, Challenges, and Contemporary and Emerging Design Approaches},
	
	author={Chang, Joseph S and Facchetti, Antonio F and Reuss, Robert},
	
	journal={IEEE Journal on Emerging and Selected Topics in Circuits and Systems},
	
	volume={7},
	
	number={1},
	
	pages={7--26},
	
	year={2017},
	
	publisher={IEEE}
	
}



@article{Brochu2010,
	
	title={A tutorial on Bayesian optimization of expensive cost functions, with application to active user modeling and hierarchical reinforcement learning},
	
	author={Brochu, Eric and Cora, Vlad M and De Freitas, Nando},
	
	journal={arXiv preprint arXiv:1012.2599},
	
	year={2010}
	
}



@article{wodo2015automated,
	
	title={Automated, high throughput exploration of process--structure--property relationships using the mapreduce paradigm},
	
	author={Wodo, Olga and Zola, Jaroslaw and Pokuri, Balaji Sesha Sarath and Du, Pengfei and Ganapathysubramanian, Baskar},
	
	journal={Materials Discovery},
	
	volume={1},
	
	pages={21--28},
	
	year={2015},
	
	publisher={Elsevier}
	
}



@article{Campoy2008,
	
	title={Morphology evolution via self-organization and lateral and vertical diffusion in polymer: fullerene solar cell blends},
	
	author={Campoy-Quiles, Mariano and Ferenczi, Toby and Agostinelli, Tiziano and Etchegoin, Pablo G and Kim, Youngkyoo and Anthopoulos, Thomas D and Stavrinou, Paul N and Bradley, Donal DC and Nelson, Jenny},
	
	journal={Nature materials},
	
	volume={7},
	
	number={2},
	
	pages={158--164},
	
	year={2008},
	
	publisher={Nature Publishing Group}
	
}



@article{Curtarolo2013,
	
	title={The high-throughput highway to computational materials design},
	
	author={Curtarolo, Stefano and Hart, Gus LW and Nardelli, Marco Buongiorno and Mingo, Natalio and Sanvito, Stefano and Levy, Ohad},
	
	journal={Nature materials},
	
	volume={12},
	
	number={3},
	
	pages={191--201},
	
	year={2013},
	
	publisher={Nature Research}
	
}



@article{Kawano2009,
	
	title={Effect of solvent on fabrication of active layers in organic solar cells based on poly (3-hexylthiophene) and fullerene derivatives},
	
	author={Kawano, Kenji and Sakai, Jun and Yahiro, Masayuki and Adachi, Chihaya},
	
	journal={Solar Energy Materials and Solar Cells},
	
	volume={93},
	
	number={4},
	
	pages={514--518},
	
	year={2009},
	
	publisher={Elsevier}
	
}



@article{Bao2016,
	
	title={The rise of plastic bioelectronics},
	
	author={Someya, Takao and Bao, Zhenan and Malliaras, George G},
	
	journal={Nature},
	
	volume={540},
	
	number={7633},
	
	pages={379--385},
	
	year={2016},
	
	publisher={Nature Research}
	
}

@article{schaefer2017dynamic,
	
	title={Dynamic surface enrichment in drying thin-film binary polymer solutions},
	
	author={Schaefer, C and Michels, JJ and van der Schoot, PPAM},
	
	journal={Macromolecules},
	
	volume={50},
	
	number={15},
	
	pages={5914--5919},
	
	year={2017},
	
	publisher={ACS Publications}
	
}



@article{Negoescu2011,
	
	title={The knowledge-gradient algorithm for sequencing experiments in drug discovery},
	
	author={Negoescu, Diana M and Frazier, Peter I and Powell, Warren B},
	
	journal={INFORMS Journal on Computing},
	
	volume={23},
	
	number={3},
	
	pages={346--363},
	
	year={2011},
	
	publisher={INFORMS}
	
}



@article{Ebbens2011,
	
	title={InSitu Imaging and Height Reconstruction of Phase Separation Processes in Polymer Blends during Spin Coating},
	
	author={Ebbens, Stephen and Hodgkinson, Richard and Parnell, Andrew J and Dunbar, Alan and Martin, Simon J and Topham, Paul D and Clarke, Nigel and Howse, Jonathan R},
	
	year={2011},
	
	journal = {ACS Nano},
	
	publisher={ACS Publications}
	
}



@article{Sariciftci2013,
	
	title={Efficiency of bulk-heterojunction organic solar cells},
	
	author={Scharber, Markus Clark and Sariciftci, Niyazi Serdar},
	
	journal={Progress in polymer science},
	
	volume={38},
	
	number={12},
	
	pages={1929--1940},
	
	year={2013},
	
	publisher={Elsevier}
	
}



@article{sekitani2009stretchable,
	
	title={Stretchable active-matrix organic light-emitting diode display using printable elastic conductors},
	
	author={Sekitani, Tsuyoshi and Nakajima, Hiroyoshi and Maeda, Hiroki and Fukushima, Takanori and Aida, Takuzo and Hata, Kenji and Someya, Takao},
	
	journal={Nature materials},
	
	volume={8},
	
	number={6},
	
	pages={494--499},
	
	year={2009},
	
	publisher={Nature Publishing Group}
	
}



@article{Gutmann2001,
	
	title={A radial basis function method for global optimization},
	
	author={Gutmann, H-M},
	
	journal={Journal of Global Optimization},
	
	volume={19},
	
	number={3},
	
	pages={201--227},
	
	year={2001},
	
	publisher={Springer}
	
}



@article{biodegradable2012,
	
	title={Green and biodegradable electronics},
	
	author={Irimia-Vladu, Mihai and G{\l}owacki, Eric D and Voss, Gundula and Bauer, Siegfried and Sariciftci, Niyazi Serdar},
	
	journal={Materials Today},
	
	volume={15},
	
	number={7},
	
	pages={340--346},
	
	year={2012},
	
	publisher={Elsevier}
	
}



@article{Bao2014,
	
	title={Morphology control strategies for solution-processed organic semiconductor thin films},
	
	author={Diao, Ying and Shaw, Leo and Bao, Zhenan and Mannsfeld, Stefan CB},
	
	journal={Energy \& Environmental Science},
	
	volume={7},
	
	number={7},
	
	pages={2145--2159},
	
	year={2014},
	
	publisher={Royal Society of Chemistry}
	
}



@article{Gupta2015,
	
	title={Structure--property linkages using a data science approach: application to a non-metallic inclusion/steel composite system},
	
	author={Gupta, Akash and Cecen, Ahmet and Goyal, Sharad and Singh, Amarendra K and Kalidindi, Surya R},
	
	journal={Acta Materialia},
	
	volume={91},
	
	pages={239--254},
	
	year={2015},
	
	publisher={Elsevier}
	
}



@article{Brabec2010,
	
	title={Polymer--fullerene bulk-heterojunction solar cells},
	
	author={Brabec, Christoph J and Gowrisanker, Srinivas and Halls, Jonathan JM and Laird, Darin and Jia, Shijun and Williams, Shawn P},
	
	journal={Advanced Materials},
	
	volume={22},
	
	number={34},
	
	pages={3839--3856},
	
	year={2010},
	
	publisher={Wiley Online Library}
	
}



@article{Kouijzer2013,
	
	title={Predicting morphologies of solution processed polymer: fullerene blends},
	
	author={Kouijzer, Sandra and Michels, Jasper J and van den Berg, Mauricio and Gevaerts, Veronique S and Turbiez, Mathieu and Wienk, Martijn M and Janssen, Ren{\'e} AJ},
	
	journal={J. Am. Chem. Soc},
	
	volume={135},
	
	number={32},
	
	pages={12057--12067},
	
	year={2013},
	
	publisher={ACS Publications}
	
}



@book{Jones1999,
	
	Author = {Jones, Richard Anthony Lewis},
	
	Publisher = {Cambridge University Press},
	
	Title = {Polymers at surfaces and interfaces},
	
	Year = {1999}
	
}



@article{Budkowski2003,
	
	title={Substrate-determined shape of free surface profiles in spin-cast polymer blend films},
	
	author={Budkowski, Andrzej and Bernasik, Andrzej and Cyganik, P and Raczkowska, J and Penc, B and Bergues, B and Kowalski, K and Rysz, Jakub and Janik, J},
	
	journal={Macromolecules},
	
	volume={36},
	
	number={11},
	
	pages={4060--4067},
	
	year={2003},
	
	publisher={ACS Publications}
	
}



@article{lee2016transparent,
	
	title={A transparent bending-insensitive pressure sensor},
	
	author={Lee, Sungwon and Reuveny, Amir and Reeder, Jonathan and Lee, Sunghoon and Jin, Hanbit and Liu, Qihan and Yokota, Tomoyuki and Sekitani, Tsuyoshi and Isoyama, Takashi and Abe, Yusuke and others},
	
	journal={Nature nanotechnology},
	
	volume={11},
	
	number={5},
	
	pages={472--478},
	
	year={2016},
	
	publisher={Nature Research}
	
}



@article{Zhan2014,
	
	title={Materials capability and device performance in flexible electronics for the Internet of Things},
	
	author={Zhan, Yiqiang and Mei, Yongfeng and Zheng, Lirong},
	
	journal={Journal of Materials Chemistry C},
	
	volume={2},
	
	number={7},
	
	pages={1220--1232},
	
	year={2014},
	
	publisher={Royal Society of Chemistry}
	
}



@article{someya2004large,
	
	title={A large-area, flexible pressure sensor matrix with organic field-effect transistors for artificial skin applications},
	
	author={Someya, Takao and Sekitani, Tsuyoshi and Iba, Shingo and Kato, Yusaku and Kawaguchi, Hiroshi and Sakurai, Takayasu},
	
	journal={Proceedings of the National Academy of Sciences of the United States of America},
	
	volume={101},
	
	number={27},
	
	pages={9966--9970},
	
	year={2004},
	
	publisher={National Acad Sciences}
	
}



@article{wodo2014,
	
	Author = {Wodo, Olga and Ganapathysubramanian, Baskar},
	
	Journal = {Applied Physics Letters},
	
	Number = {15},
	
	Pages = {153104},
	
	Publisher = {AIP Publishing},
	
	Title = {How do evaporating thin films evolve? Unravelling phase-separation mechanisms during solvent-based fabrication of polymer blends},
	
	Volume = {105},
	
	Year = {2014}}



@article{Panchal2013,
	
	Author = {Panchal, Jitesh H and Kalidindi, Surya R and McDowell, David L},
	
	Date-Modified = {2017-10-13 13:43:01 +0000},
	
	Journal = {Computer-Aided Design},
	
	Number = {1},
	
	Pages = {4--25},
	
	Title = {Key computational modeling issues in Integrated Computational Materials Engineering},
	
	Volume = {45},
	
	Year = {2013}}



@article{white2013ultrathin,
	
	title={Ultrathin, highly flexible and stretchable PLEDs},
	
	author={White, Matthew S and Kaltenbrunner, Martin and G{\l}owacki, Eric D and Gutnichenko, Kateryna and Kettlgruber, Gerald and Graz, Ingrid and Aazou, Safae and Ulbricht, Christoph and Egbe, Daniel AM and Miron, Matei C and others},
	
	journal={Nature Photonics},
	
	volume={7},
	
	number={10},
	
	pages={811--816},
	
	year={2013},
	
	publisher={Nature Research}
	
}



@article{brough2017microstructure,
	
	title={Microstructure-based knowledge systems for capturing process-structure evolution linkages},
	
	author={Brough, David B and Wheeler, Daniel and Warren, James A and Kalidindi, Surya R},
	
	journal={Current Opinion in Solid State and Materials Science},
	
	volume={21},
	
	number={3},
	
	pages={129--140},
	
	year={2017},
	
	publisher={Elsevier}
	
}



@article{simon2016organic,
	
	title={Organic bioelectronics: bridging the signaling gap between biology and technology},
	
	author={Simon, Daniel T and Gabrielsson, Erik O and Tybrandt, Klas and Berggren, Magnus},
	
	journal={Chem. Rev},
	
	volume={116},
	
	number={21},
	
	pages={13009--13041},
	
	year={2016},
	
	publisher={ACS Publications}
	
}



@article{yokota2016ultraflexible,
	
	title={Ultraflexible organic photonic skin},
	
	author={Yokota, Tomoyuki and Zalar, Peter and Kaltenbrunner, Martin and Jinno, Hiroaki and Matsuhisa, Naoji and Kitanosako, Hiroki and Tachibana, Yutaro and Yukita, Wakako and Koizumi, Mari and Someya, Takao},
	
	journal={Science advances},
	
	volume={2},
	
	number={4},
	
	pages={e1501856},
	
	year={2016},
	
	publisher={American Association for the Advancement of Science}
	
}



@article{Sundararaghavan2006,
	
	Author = {Sundararaghavan, Veera and Zabaras, Nicholas},
	
	Journal = {International Journal of Plasticity},
	
	Number = {10},
	
	Pages = {1799--1824},
	
	Title = {{Design of microstructure-sensitive properties in elasto-viscoplastic polycrystals using multi-scale homogenization}},
	
	Volume = {22},
	
	Year = {2006}}





@article{Fullwood2010,
	
	title={Microstructure sensitive design for performance optimization},
	
	author={Fullwood, David T and Niezgoda, Stephen R and Adams, Brent L and Kalidindi, Surya R},
	
	journal={Progress in Materials Science},
	
	volume={55},
	
	number={6},
	
	pages={477--562},
	
	year={2010},
	
	publisher={Elsevier}
	
}



@article{Li2016,
	
	Author = {Li, Weihua and M{\"u}ller, Marcus},
	
	Journal = {Progress in Polymer Science},
	
	Pages = {47--75},
	
	Publisher = {Elsevier},
	
	Title = {Directed self-assembly of block copolymers by chemical or topographical guiding patterns: Optimizing molecular architecture, thin-film properties, and kinetics},
	
	Volume = {54},
	
	Year = {2016}
	
}



@article{Khaira2014,
	
	Author = {Khaira, Gurdaman S. and Qin, Jian and Garner, Grant P. and Xiong, Shisheng and Wan, Lei and Ruiz, Ricardo and Jaeger, Heinrich M. and Nealey, Paul F. and {De Pablo}, Juan J.},
	
	Journal = {ACS Macro Letters},
	
	Number = {8},
	
	Pages = {747--752},
	
	Title = {Evolutionary optimization of directed self-assembly of triblock copolymers on chemically patterned substrates},
	
	Volume = {3},
	
	Year = {2014}
	
}





@article{CMS1,
	
	author = {Pfeifer, Spencer and Wodo, Olga and Ganapathysubramanian, Baskar},
	
	journal = {Computational Materials Science},
	
	keywords = {morphology,optimization,organic electronics,substrate patterning},
	
	title = {{An Optimization Approach to Identify Processing Pathways for Achieving Tailored Thin Film Morphologies}},
	
	year = {2017}
	
}



@article{Deibel2010,
	
	title={Polymer--fullerene bulk heterojunction solar cells},
	
	author={Deibel, Carsten and Dyakonov, Vladimir},
	
	journal={Reports on Progress in Physics},
	
	volume={73},
	
	number={9},
	
	pages={096401},
	
	year={2010},
	
	publisher={IOP Publishing}
	
}



@article{Hoppe2004a,
	
	Author = {Hoppe, Harald and Niggemann, Michael and Winder, Christoph and Kraut, J{\"{u}}rgen and Hiesgen, Renate and Hinsch, Andreas and Meissner, Dieter and Sariciftci, Niyazi Serdar},
	
	Journal = {Advanced Functional Materials},
	
	Number = {10},
	
	Pages = {1005--1011},
	
	Title = {{Nanoscale morphology of conjugated polymer/fullerene-based bulk-heterojunction solar cells}},
	
	Volume = {14},
	
	Year = {2004}
	
}



@article{Kim2005,
	
	Author = {Kim, Youngkyoo and Choulis, Stelios A. and Nelson, Jenny and Bradley, Donal D. C. and Cook, Steffan and Durrant, James R.},
	
	Journal = {Applied Physics Letters},
	
	Number = {6},
	
	Pages = {1--3},
	
	Title = {{Device annealing effect in organic solar cells with blends of regioregular poly~(3--hexylthiophene) and soluble fullerene}},
	
	Volume = {86},
	
	Year = {2005}
	
}



@article{Miller2008,
	
	title={Investigation of nanoscale morphological changes in organic photovoltaics during solvent vapor annealing},
	
	author={Miller, Steve and Fanchini, Giovanni and Lin, Yun-Yue and Li, Cheng and Chen, Chun-Wei and Su, Wei-Fang and Chhowalla, Manish},
	
	journal={Journal of materials chemistry},
	
	volume={18},
	
	number={3},
	
	pages={306--312},
	
	year={2008},
	
	publisher={Royal Society of Chemistry}
	
}



@article{Lee2008,
	
	title={Processing additives for improved efficiency from bulk heterojunction solar cells},
	
	author={Lee, Jae Kwan and Ma, Wan Li and Brabec, Christoph J and Yuen, Jonathan and Moon, Ji Sun and Kim, Jin Young and Lee, Kwanghee and Bazan, Guillermo C and Heeger, Alan J},
	
	journal={Journal of the American Chemical Society},
	
	volume={130},
	
	number={11},
	
	pages={3619--3623},
	
	year={2008},
	
	publisher={ACS Publications}
	
}



@article{Walheim1998,
	
	title={Surface-induced structure formation of polymer blends on patterned substrates},
	
	author={B{\"o}ltau, Martin and Walheim, Stefan and Mlynek, J{\"u}rgen and Krausch, Georg and Steiner, Ullrich},
	
	journal={Nature},
	
	volume={391},
	
	number={6670},
	
	pages={877--879},
	
	year={1998},
	
	publisher={Nature Publishing Group}
	
}



@article{Wodo2011a,
	
	Author = {Wodo, Olga and Ganapathysubramanian, Baskar},
	
	Journal = {Journal of Computational Physics},
	
	Number = {15},
	
	Pages = {6037--6060},
	
	Publisher = {Elsevier},
	
	Title = {Computationally efficient solution to the Cahn-Hilliard equation: Adaptive implicit time schemes, mesh sensitivity analysis and the 3D isoperimetric problem},
	
	Volume = {230},
	
	Year = {2011}
	
}



@article{Bjorstrom2007,
	
	title={Vertical phase separation in spin-coated films of a low bandgap polyfluorene/PCBM blend-effects of specific substrate interaction},
	
	author={Bj{\"o}rstr{\"o}m, Cecilia M and Nilsson, Svante and Bernasik, Andrzej and Budkowski, Andrzej and Andersson, Mats and Magnusson, Kjell O and Moons, Ellen},
	
	journal={Applied Surface Science},
	
	volume={253},
	
	number={8},
	
	pages={3906--3912},
	
	year={2007},
	
	publisher={Elsevier}
	
}



@article{Vaynzof2011,
	
	title={Surface-directed spinodal decomposition in poly [3-hexylthiophene] and C61-butyric acid methyl ester blends},
	
	author={Vaynzof, Yana and Kabra, Dinesh and Zhao, Lihong and Chua, Lay Lay and Steiner, Ullrich and Friend, Richard H},
	
	journal={Acs Nano},
	
	volume={5},
	
	number={1},
	
	pages={329--336},
	
	year={2010},
	
	publisher={ACS Publications}
	
}



@article{Krausch1995,
	
	Author = {Krausch, Georg},
	
	Date-Modified = {2017-10-13 13:51:33 +0000},
	
	Journal = {Materials Science and Engineering: R: Reports},
	
	Number = {1},
	
	Pages = {v--94},
	
	Publisher = {Elsevier},
	
	Title = {Surface induced self assembly in thin polymer films},
	
	Volume = {14},
	
	Year = {1995}
	
}



@article{Geoghegan2003a,
	
	Author = {Geoghegan, Mark and Krausch, Georg},
	
	Date-Modified = {2017-10-13 14:10:36 +0000},
	
	Journal = {Progress in Polymer Science},
	
	Pages = {261--302},
	
	Publisher = {Elsevier},
	
	Title = {Wetting at polymer surfaces and interfaces},
	
	Year = {2003}
	
}



@article{Wei2006a,
	
	Author = {Wei, Joseph H and Coffey, David C and Ginger, David S},
	
	Journal = {The Journal of Physical Chemistry B},
	
	Number = {48},
	
	Pages = {24324--24330},
	
	Publisher = {ACS Publications},
	
	Title = {Nucleating pattern formation in spin-coated polymer blend films with nanoscale surface templates},
	
	Volume = {110},
	
	Year = {2006}
	
}



@article{Park2008b,
	
	Author = {Park, Lee Y and Munro, Andrea M and Ginger, David S},
	
	Journal = {Journal of the American Chemical Society},
	
	Number = {47},
	
	Pages = {15916--15926},
	
	Publisher = {ACS Publications},
	
	Title = {Controlling film morphology in conjugated polymer: fullerene blends with surface patterning},
	
	Volume = {130},
	
	Year = {2008}
	
}



@article{Jones1989,
	
	Author = {Jones, Richard AL and Kramer, Edward J and Rafailovich, Miriam H and Sokolov, Jonathon and Schwarz, Steven A},
	
	Date-Modified = {2017-10-13 13:53:49 +0000},
	
	Journal = {Physical Review Letters},
	
	Number = {3},
	
	Pages = {280--283},
	
	Title = {Surface Enrichment in an Isotopic Polymer Blend},
	
	Volume = {62},
	
	Year = {1989}
	
}



@incollection{Glotzer1995,
	
	title={Computer simulations of spinodal decomposition in polymer blends},
	
	author={C. Glotzer, Sharon},
	
	booktitle={Annual Reviews of Computational Physics II},
	
	pages={1--46},
	
	year={1995},
	
	publisher={World Scientific}
	
}



@article{Karma1999,
	
	title={Phase-field model of dendritic sidebranching with thermal noise},
	
	author={Karma, Alain and Rappel, Wouter-Jan},
	
	journal={Physical review E},
	
	volume={60},
	
	number={4},
	
	pages={3614},
	
	year={1999},
	
	publisher={APS}
	
}



@article{wodo2012computational,
	
	title={Computational characterization of bulk heterojunction nanomorphology},
	
	author={Wodo, Olga and Tirthapura, Srikanta and Chaudhary, Sumit and Ganapathysubramanian, Baskar},
	
	journal={Journal of Applied Physics},
	
	volume={112},
	
	number={6},
	
	pages={064316},
	
	year={2012},
	
	publisher={AIP}
	
}



@proceedings{petsc-efficient,
	
	Author = {Satish Balay and William D. Gropp and Lois Curfman McInnes and Barry F. Smith},
	
	Booktitle = {Modern Software Tools in Scientific Computing},
	
	Editor = {E. Arge and A. M. Bruaset and H. P. Langtangen},
	
	Pages = {163--202},
	
	Publisher = {Birkh{\"{a}}user Press},
	
	Title = {Efficient Management of Parallelism in Object Oriented Numerical Software Libraries},
	
	Year = {1997}}



@article{Pokuri2017,
	
	author = {Pokuri, Balaji Sesha Sarath and Sit, Joseph and Wodo, Olga and Baran, Derya and Ameri, Tayebeh and Brabec, Christoph J. and Moule, Adam J. and Ganapathysubramanian, Baskar},
	
	doi = {10.1002/aenm.201701269},
	
	issn = {16146832},
	
	journal = {Advanced Energy Materials},
	
	pages = {1701269},
	
	title = {{Nanoscale Morphology of Doctor Bladed versus Spin-Coated Organic Photovoltaic Films}},
	
	url = {http://doi.wiley.com/10.1002/aenm.201701269},
	
	volume = {1701269},
	
	year = {2017}
	
}



@article{Wodo2013,
	
	author = {Wodo, Olga and Roehling, John D. and Moul{\'{e}}, Adam J. and Ganapathysubramanian, Baskar},
	
	doi = {10.1039/c3ee41224e},
	
	file = {:Users/spfeife/Library/Application Support/Mendeley Desktop/Downloaded/Wodo et al. - 2013 - Quantifying organic solar cell morphology a computational study of three-dimensional maps.pdf:pdf},
	
	issn = {1754-5692},
	
	journal = {Energy {\&} Environmental Science},
	
	keywords = {WB},
	
	mendeley-tags = {WB},
	
	number = {10},
	
	pages = {3060},
	
	title = {{Quantifying organic solar cell morphology: a computational study of three-dimensional maps}},
	
	url = {http://xlink.rsc.org/?DOI=c3ee41224e},
	
	volume = {6},
	
	year = {2013}
	
}



@article{zhao2016vertical,
	
	title={Vertical phase separation in small molecule: polymer blend organic thin film transistors can be dynamically controlled},
	
	author={Zhao, Kui and Wodo, Olga and Ren, Dingding and Khan, Hadayat Ullah and Niazi, Muhammad Rizwan and Hu, Hanlin and Abdelsamie, Maged and Li, Ruipeng and Li, Er and Yu, Liyang and others},
	
	journal={Advanced Functional Materials},
	
	volume={26},
	
	number={11},
	
	pages={1737--1746},
	
	year={2016},
	
	publisher={Wiley Online Library}
	
}



@article{kodali2012computer_msmse,
	
	title={Computer simulation of heterogeneous polymer photovoltaic devices},
	
	author={Kodali, Hari K and Ganapathysubramanian, Baskar},
	
	journal={Modelling and Simulation in Materials Science and Engineering},
	
	volume={20},
	
	number={3},
	
	pages={035015},
	
	year={2012},
	
	publisher={IOP Publishing}
	
}



@article{kodali2012computational_cmame,
	
	title={A computational framework to investigate charge transport in heterogeneous organic photovoltaic devices},
	
	author={Kodali, Hari K and Ganapathysubramanian, Baskar},
	
	journal={Computer Methods in Applied Mechanics and Engineering},
	
	volume={247},
	
	pages={113--129},
	
	year={2012},
	
	publisher={Elsevier}
	
}



@article{pokuri2018toms,
	
	title={Parallel, Extensible Bayesian Optimization for High Performance Computing},
	
	author={Pokuri, Balaji Sesha Sarath and Lofquist, Alec and Ganapathysubramanian, Baskar},
	
	year={\noop{0001}In prep},
	
	journal={Transactions on Mathematical Software},
	
	publisher={Association for Computing Machinery}
	
}



@article{saylor2009modeling,
	
	title={Modeling microstructure development and release kinetics in controlled drug release coatings},
	
	author={Saylor, David M and Kim, Chang-Soo and Patwardhan, Dinesh V and Warren, James A},
	
	journal={Journal of pharmaceutical sciences},
	
	volume={98},
	
	number={1},
	
	pages={169--186},
	
	year={2009},
	
	publisher={Wiley Online Library}
}
	
	
	
	@article{forrest2004,
	
	title={The path to ubiquitous and low-cost organic electronic appliances on plastic},
	
	author={Forrest, Stephen R},
	
	journal={Nature},
	
	volume={428},
	
	number={6986},
	
	pages={911--918},
	
	year={2004},
	
	publisher={Nature Publishing Group}
	
	}
	
	
	
	@article{Dalnoki-Veress1997,
	
	title={Phase separation morphology of spin-coated polymer blend thin films},
	
	author={Dalnoki-Veress, K and Forrest, JA and Stevens, JR and Dutcher, JR},
	
	journal={Physica A: Statistical Mechanics and its Applications},
	
	volume={239},
	
	number={1-3},
	
	pages={87--94},
	
	year={1997},
	
	publisher={Elsevier}
	
	}
	
	
	
	@article{Pablo2013,
	
	Author = {Qin, Jian and Khaira, Gurdaman S. and Su, Yongrui and Garner, Grant P. and Miskin, Marc and Jaeger, Heinrich M. and de Pablo, Juan J.},
	
	Journal = {Soft Matter},
	
	Number = {48},
	
	Pages = {11467},
	
	Title = {{Evolutionary pattern design for copolymer directed self-assembly}},
	
	Volume = {9},
	
	Year = {2013}}
	
	
	
	@article{Boudouris2015,
	
	title={Systematic control of the nanostructure of semiconducting-ferroelectric polymer composites in thin film memory devices},
	
	author={Sung, Seung Hyun and Boudouris, Bryan W},
	
	journal={ACS Macro Letters},
	
	volume={4},
	
	number={3},
	
	pages={293--297},
	
	year={2015},
	
	publisher={ACS Publications}
	
	}
	
	
	
	@article{Lee2015,
	
	title={Printable solid-state lithium-ion batteries: a new route toward shape-conformable power sources with aesthetic versatility for flexible electronics},
	
	author={Kim, Se-Hee and Choi, Keun-Ho and Cho, Sung-Ju and Choi, Sinho and Park, Soojin and Lee, Sang-Young},
	
	journal={Nano1letters},
	
	volume={15},
	
	number={8},
	
	pages={5168--5177},
	
	year={2015},
	
	publisher={ACS Publications}
	
	}
	
	
	
	@article{Bjorstrom2005,
	
	title={Multilayer formation in spin-coated thin films of low-bandgap polyfluorene: PCBM blends},
	
	author={Bj{\"o}rstr{\"o}m, Cecilia M and Bernasik, Andrzej and Rysz, Jakub and Budkowski, Andrzej and Nilsson, Svante and Svensson, Mattias and Andersson, Mats R and Magnusson, Kjell O and Moons, Ellen},
	
	journal={Journal of Physics: Condensed Matter},
	
	volume={17},
	
	number={50},
	
	pages={L529},
	
	year={2005},
	
	publisher={IOP Publishing}
	
	}
	
	
	
	@article{Blom2008,
	
	title={Organic non-volatile memories from ferroelectric phase-separated blends},
	
	author={Asadi, Kamal and De Leeuw, Dago M and De Boer, Bert and Blom, Paul WM},
	
	journal={Nature materials},
	
	volume={7},
	
	number={7},
	
	pages={547--550},
	
	year={2008},
	
	publisher={Nature Publishing Group}
	
	}
	
	
	
	@article{Lee2017,
	
	title={Organic flash memory on various flexible substrates for foldable and disposable electronics},
	
	author={Lee, Seungwon and Seong, Hyejeong and Im, Sung Gap and Moon, Hanul and Yoo, Seunghyup},
	
	journal={Nature Communications},
	
	volume={8},
	
	number={1},
	
	pages={725},
	
	year={2017},
	
	publisher={Nature Publishing Group}
	
	}
	
	
	
	@book{Robeson2007,
	
	Author = {Robeson, Lloyd M},
	
	Isbn = {9783446225695},
	
	Pages = {1--459},
	
	Publisher = {Hanser},
	
	Title = {{Polymer blends}},
	
	Url = {http://www.getcited.org/pub/100429951},
	
	Year = {2007},
	
	Bdsk-Url-1 = {http://www.getcited.org/pub/100429951}
	
	}
	
	
	
	
	
	@article{Ju2017,
	
	title={Designing Nanostructures for Phonon Transport via Bayesian Optimization},
	
	author={Ju, Shenghong and Shiga, Takuma and Feng, Lei and Hou, Zhufeng and Tsuda, Koji and Shiomi, Junichiro},
	
	journal={Physical Review X},
	
	volume={7},
	
	number={2},
	
	pages={021024},
	
	year={2017},
	
	publisher={APS}
	
	}
	
	
	
	@article{Michels2016,
	
	title={Structuring of thin-film polymer mixtures upon solvent evaporation},
	
	author={Schaefer, C and Michels, Jasper J and van der Schoot, PPAM},
	
	journal={Macromolecules},
	
	volume={49},
	
	number={18},
	
	pages={6858--6870},
	
	year={2016},
	
	publisher={ACS Publications}
	
	}
	
	
	
	
	
	@article{Wodo2012a,
	
	Author = {Wodo, Olga and Ganapathysubramanian, Baskar},
	
	Journal = {Computational Materials Science},
	
	Month = {apr},
	
	Pages = {113--126},
	
	Title = {{Modeling morphology evolution during solvent-based fabrication of organic solar cells}},
	
	Volume = {55},
	
	Year = {2012}}
	
	
	
	@article{OE2017,
	
	title={Ultra-conformable Organic Field-Effect Transistors and circuits for epidermal electronic applications},
	
	author={Lai, Stefano and Zucca, Alessandra and Cosseddu, Piero and Greco, Francesco and Mattoli, Virgilio and Bonfiglio, Annalisa},
	
	journal={Organic Electronics},
	
	volume={46},
	
	pages={60--67},
	
	year={2017},
	
	publisher={Elsevier}
	
	}
	
	
	
	@article{VanFraneker2015,
	
	title={Controlling the Dominant Length Scale of Liquid--Liquid Phase Separation in Spin-coated Organic Semiconductor Films},
	
	author={van Franeker, Jacobus J and Westhoff, Daniel and Turbiez, Mathieu and Wienk, Martijn M and Schmidt, Volker and Janssen, Ren{\'e} AJ},
	
	journal={Advanced Functional Materials},
	
	volume={25},
	
	number={6},
	
	pages={855--863},
	
	year={2015},
	
	publisher={Wiley Online Library}
	
	}
	
	@article{teichler2013inkjet,
	
	title={Inkjet printing of organic electronics--comparison of deposition techniques and state-of-the-art developments},
	
	author={Teichler, Anke and Perelaer, Jolke and Schubert, Ulrich S},
	
	journal={Journal of Materials Chemistry C},
	
	volume={1},
	
	number={10},
	
	pages={1910--1925},
	
	year={2013},
	
	publisher={Royal Society of Chemistry}
	
	}
	
	
	
	@article{Kim2009b,
	
	title={A numerical method for the ternary Cahn--Hilliard system with a degenerate mobility},
	
	author={Kim, Junseok and Kang, Kyungkeun},
	
	journal={Applied Numerical Mathematics},
	
	volume={59},
	
	number={5},
	
	pages={1029--1042},
	
	year={2009},
	
	publisher={Elsevier}
	
	}
	
	
	
	@article{Hoppe2005,
	
	title={Morphology of polymer/fullerene bulk heterojunction solar cells},
	
	author={Hoppe, Harald and Sariciftci, Niyazi Serdar},
	
	journal={Journal of Materials Chemistry},
	
	volume={16},
	
	number={1},
	
	pages={45--61},
	
	year={2006},
	
	publisher={Royal Society of Chemistry}
	
	}
	
	
	
	@article{Reuss2017,
	
	title={A Circuits and Systems Perspective of Organic/Printed Electronics: Review, Challenges, and Contemporary and Emerging Design Approaches},
	
	author={Chang, Joseph S and Facchetti, Antonio F and Reuss, Robert},
	
	journal={IEEE Journal on Emerging and Selected Topics in Circuits and Systems},
	
	volume={7},
	
	number={1},
	
	pages={7--26},
	
	year={2017},
	
	publisher={IEEE}
	
	}
	
	
	
	@article{Brochu2010,
	
	title={A tutorial on Bayesian optimization of expensive cost functions, with application to active user modeling and hierarchical reinforcement learning},
	
	author={Brochu, Eric and Cora, Vlad M and De Freitas, Nando},
	
	journal={arXiv preprint arXiv:1012.2599},
	
	year={2010}
	
	}
	
	
	
	@article{wodo2015automated,
	
	title={Automated, high throughput exploration of process--structure--property relationships using the mapreduce paradigm},
	
	author={Wodo, Olga and Zola, Jaroslaw and Pokuri, Balaji Sesha Sarath and Du, Pengfei and Ganapathysubramanian, Baskar},
	
	journal={Materials Discovery},
	
	volume={1},
	
	pages={21--28},
	
	year={2015},
	
	publisher={Elsevier}
	
	}
	
	
	
	@article{Campoy2008,
	
	title={Morphology evolution via self-organization and lateral and vertical diffusion in polymer: fullerene solar cell blends},
	
	author={Campoy-Quiles, Mariano and Ferenczi, Toby and Agostinelli, Tiziano and Etchegoin, Pablo G and Kim, Youngkyoo and Anthopoulos, Thomas D and Stavrinou, Paul N and Bradley, Donal DC and Nelson, Jenny},
	
	journal={Nature materials},
	
	volume={7},
	
	number={2},
	
	pages={158--164},
	
	year={2008},
	
	publisher={Nature Publishing Group}
	
	}
	
	
	
	@article{Curtarolo2013,
	
	title={The high-throughput highway to computational materials design},
	
	author={Curtarolo, Stefano and Hart, Gus LW and Nardelli, Marco Buongiorno and Mingo, Natalio and Sanvito, Stefano and Levy, Ohad},
	
	journal={Nature materials},
	
	volume={12},
	
	number={3},
	
	pages={191--201},
	
	year={2013},
	
	publisher={Nature Research}
	
	}
	
	
	
	@article{Kawano2009,
	
	title={Effect of solvent on fabrication of active layers in organic solar cells based on poly (3-hexylthiophene) and fullerene derivatives},
	
	author={Kawano, Kenji and Sakai, Jun and Yahiro, Masayuki and Adachi, Chihaya},
	
	journal={Solar Energy Materials and Solar Cells},
	
	volume={93},
	
	number={4},
	
	pages={514--518},
	
	year={2009},
	
	publisher={Elsevier}
	
	}
	
	
	
	@article{Bao2016,
	
	title={The rise of plastic bioelectronics},
	
	author={Someya, Takao and Bao, Zhenan and Malliaras, George G},
	
	journal={Nature},
	
	volume={540},
	
	number={7633},
	
	pages={379--385},
	
	year={2016},
	
	publisher={Nature Research}
	
	}
	
	@article{schaefer2017dynamic,
	
	title={Dynamic surface enrichment in drying thin-film binary polymer solutions},
	
	author={Schaefer, C and Michels, JJ and van der Schoot, PPAM},
	
	journal={Macromolecules},
	
	volume={50},
	
	number={15},
	
	pages={5914--5919},
	
	year={2017},
	
	publisher={ACS Publications}
	
	}
	
	
	
	@article{Negoescu2011,
	
	title={The knowledge-gradient algorithm for sequencing experiments in drug discovery},
	
	author={Negoescu, Diana M and Frazier, Peter I and Powell, Warren B},
	
	journal={INFORMS Journal on Computing},
	
	volume={23},
	
	number={3},
	
	pages={346--363},
	
	year={2011},
	
	publisher={INFORMS}
	
	}
	
	
	
	@article{Ebbens2011,
	
	title={InSitu Imaging and Height Reconstruction of Phase Separation Processes in Polymer Blends during Spin Coating},
	
	author={Ebbens, Stephen and Hodgkinson, Richard and Parnell, Andrew J and Dunbar, Alan and Martin, Simon J and Topham, Paul D and Clarke, Nigel and Howse, Jonathan R},
	
	year={2011},
	
	journal = {ACS Nano},
	
	publisher={ACS Publications}
	
	}
	
	
	
	@article{Sariciftci2013,
	
	title={Efficiency of bulk-heterojunction organic solar cells},
	
	author={Scharber, Markus Clark and Sariciftci, Niyazi Serdar},
	
	journal={Progress in polymer science},
	
	volume={38},
	
	number={12},
	
	pages={1929--1940},
	
	year={2013},
	
	publisher={Elsevier}
	
	}
	
	
	
	@article{sekitani2009stretchable,
	
	title={Stretchable active-matrix organic light-emitting diode display using printable elastic conductors},
	
	author={Sekitani, Tsuyoshi and Nakajima, Hiroyoshi and Maeda, Hiroki and Fukushima, Takanori and Aida, Takuzo and Hata, Kenji and Someya, Takao},
	
	journal={Nature materials},
	
	volume={8},
	
	number={6},
	
	pages={494--499},
	
	year={2009},
	
	publisher={Nature Publishing Group}
	
	}
	
	
	
	@article{Gutmann2001,
	
	title={A radial basis function method for global optimization},
	
	author={Gutmann, H-M},
	
	journal={Journal of Global Optimization},
	
	volume={19},
	
	number={3},
	
	pages={201--227},
	
	year={2001},
	
	publisher={Springer}
	
	}
	
	
	
	@article{biodegradable2012,
	
	title={Green and biodegradable electronics},
	
	author={Irimia-Vladu, Mihai and G{\l}owacki, Eric D and Voss, Gundula and Bauer, Siegfried and Sariciftci, Niyazi Serdar},
	
	journal={Materials Today},
	
	volume={15},
	
	number={7},
	
	pages={340--346},
	
	year={2012},
	
	publisher={Elsevier}
	
	}
	
	
	
	@article{Bao2014,
	
	title={Morphology control strategies for solution-processed organic semiconductor thin films},
	
	author={Diao, Ying and Shaw, Leo and Bao, Zhenan and Mannsfeld, Stefan CB},
	
	journal={Energy \& Environmental Science},
	
	volume={7},
	
	number={7},
	
	pages={2145--2159},
	
	year={2014},
	
	publisher={Royal Society of Chemistry}
	
	}
	
	
	
	@article{Gupta2015,
	
	title={Structure--property linkages using a data science approach: application to a non-metallic inclusion/steel composite system},
	
	author={Gupta, Akash and Cecen, Ahmet and Goyal, Sharad and Singh, Amarendra K and Kalidindi, Surya R},
	
	journal={Acta Materialia},
	
	volume={91},
	
	pages={239--254},
	
	year={2015},
	
	publisher={Elsevier}
	
	}
	
	
	
	@article{Brabec2010,
	
	title={Polymer--fullerene bulk-heterojunction solar cells},
	
	author={Brabec, Christoph J and Gowrisanker, Srinivas and Halls, Jonathan JM and Laird, Darin and Jia, Shijun and Williams, Shawn P},
	
	journal={Advanced Materials},
	
	volume={22},
	
	number={34},
	
	pages={3839--3856},
	
	year={2010},
	
	publisher={Wiley Online Library}
	
	}
	
	
	
	@article{Kouijzer2013,
	
	title={Predicting morphologies of solution processed polymer: fullerene blends},
	
	author={Kouijzer, Sandra and Michels, Jasper J and van den Berg, Mauricio and Gevaerts, Veronique S and Turbiez, Mathieu and Wienk, Martijn M and Janssen, Ren{\'e} AJ},
	
	journal={J. Am. Chem. Soc},
	
	volume={135},
	
	number={32},
	
	pages={12057--12067},
	
	year={2013},
	
	publisher={ACS Publications}
	
	}
	
	
	
	@book{Jones1999,
	
	Author = {Jones, Richard Anthony Lewis},
	
	Publisher = {Cambridge University Press},
	
	Title = {Polymers at surfaces and interfaces},
	
	Year = {1999}
	
	}
	
	
	
	@article{Budkowski2003,
	
	title={Substrate-determined shape of free surface profiles in spin-cast polymer blend films},
	
	author={Budkowski, Andrzej and Bernasik, Andrzej and Cyganik, P and Raczkowska, J and Penc, B and Bergues, B and Kowalski, K and Rysz, Jakub and Janik, J},
	
	journal={Macromolecules},
	
	volume={36},
	
	number={11},
	
	pages={4060--4067},
	
	year={2003},
	
	publisher={ACS Publications}
	
	}
	
	
	
	@article{lee2016transparent,
	
	title={A transparent bending-insensitive pressure sensor},
	
	author={Lee, Sungwon and Reuveny, Amir and Reeder, Jonathan and Lee, Sunghoon and Jin, Hanbit and Liu, Qihan and Yokota, Tomoyuki and Sekitani, Tsuyoshi and Isoyama, Takashi and Abe, Yusuke and others},
	
	journal={Nature nanotechnology},
	
	volume={11},
	
	number={5},
	
	pages={472--478},
	
	year={2016},
	
	publisher={Nature Research}
	
	}
	
	
	
	@article{Zhan2014,
	
	title={Materials capability and device performance in flexible electronics for the Internet of Things},
	
	author={Zhan, Yiqiang and Mei, Yongfeng and Zheng, Lirong},
	
	journal={Journal of Materials Chemistry C},
	
	volume={2},
	
	number={7},
	
	pages={1220--1232},
	
	year={2014},
	
	publisher={Royal Society of Chemistry}
	
	}
	
	
	
	@article{someya2004large,
	
	title={A large-area, flexible pressure sensor matrix with organic field-effect transistors for artificial skin applications},
	
	author={Someya, Takao and Sekitani, Tsuyoshi and Iba, Shingo and Kato, Yusaku and Kawaguchi, Hiroshi and Sakurai, Takayasu},
	
	journal={Proceedings of the National Academy of Sciences of the United States of America},
	
	volume={101},
	
	number={27},
	
	pages={9966--9970},
	
	year={2004},
	
	publisher={National Acad Sciences}
	
	}
	
	
	
	@article{wodo2014,
	
	Author = {Wodo, Olga and Ganapathysubramanian, Baskar},
	
	Journal = {Applied Physics Letters},
	
	Number = {15},
	
	Pages = {153104},
	
	Publisher = {AIP Publishing},
	
	Title = {How do evaporating thin films evolve? Unravelling phase-separation mechanisms during solvent-based fabrication of polymer blends},
	
	Volume = {105},
	
	Year = {2014}}
	
	
	
	@article{Panchal2013,
	
	Author = {Panchal, Jitesh H and Kalidindi, Surya R and McDowell, David L},
	
	Date-Modified = {2017-10-13 13:43:01 +0000},
	
	Journal = {Computer-Aided Design},
	
	Number = {1},
	
	Pages = {4--25},
	
	Title = {Key computational modeling issues in Integrated Computational Materials Engineering},
	
	Volume = {45},
	
	Year = {2013}}
	
	
	
	@article{white2013ultrathin,
	
	title={Ultrathin, highly flexible and stretchable PLEDs},
	
	author={White, Matthew S and Kaltenbrunner, Martin and G{\l}owacki, Eric D and Gutnichenko, Kateryna and Kettlgruber, Gerald and Graz, Ingrid and Aazou, Safae and Ulbricht, Christoph and Egbe, Daniel AM and Miron, Matei C and others},
	
	journal={Nature Photonics},
	
	volume={7},
	
	number={10},
	
	pages={811--816},
	
	year={2013},
	
	publisher={Nature Research}
	
	}
	
	
	
	@article{brough2017microstructure,
	
	title={Microstructure-based knowledge systems for capturing process-structure evolution linkages},
	
	author={Brough, David B and Wheeler, Daniel and Warren, James A and Kalidindi, Surya R},
	
	journal={Current Opinion in Solid State and Materials Science},
	
	volume={21},
	
	number={3},
	
	pages={129--140},
	
	year={2017},
	
	publisher={Elsevier}
	
	}
	
	
	
	@article{simon2016organic,
	
	title={Organic bioelectronics: bridging the signaling gap between biology and technology},
	
	author={Simon, Daniel T and Gabrielsson, Erik O and Tybrandt, Klas and Berggren, Magnus},
	
	journal={Chem. Rev},
	
	volume={116},
	
	number={21},
	
	pages={13009--13041},
	
	year={2016},
	
	publisher={ACS Publications}
	
	}
	
	
	
	@article{yokota2016ultraflexible,
	
	title={Ultraflexible organic photonic skin},
	
	author={Yokota, Tomoyuki and Zalar, Peter and Kaltenbrunner, Martin and Jinno, Hiroaki and Matsuhisa, Naoji and Kitanosako, Hiroki and Tachibana, Yutaro and Yukita, Wakako and Koizumi, Mari and Someya, Takao},
	
	journal={Science advances},
	
	volume={2},
	
	number={4},
	
	pages={e1501856},
	
	year={2016},
	
	publisher={American Association for the Advancement of Science}
	
	}
	
	
	
	@article{Sundararaghavan2006,
	
	Author = {Sundararaghavan, Veera and Zabaras, Nicholas},
	
	Journal = {International Journal of Plasticity},
	
	Number = {10},
	
	Pages = {1799--1824},
	
	Title = {{Design of microstructure-sensitive properties in elasto-viscoplastic polycrystals using multi-scale homogenization}},
	
	Volume = {22},
	
	Year = {2006}}
	
	
	
	
	
	@article{Fullwood2010,
	
	title={Microstructure sensitive design for performance optimization},
	
	author={Fullwood, David T and Niezgoda, Stephen R and Adams, Brent L and Kalidindi, Surya R},
	
	journal={Progress in Materials Science},
	
	volume={55},
	
	number={6},
	
	pages={477--562},
	
	year={2010},
	
	publisher={Elsevier}
	
	}
	
	
	
	@article{Li2016,
	
	Author = {Li, Weihua and M{\"u}ller, Marcus},
	
	Journal = {Progress in Polymer Science},
	
	Pages = {47--75},
	
	Publisher = {Elsevier},
	
	Title = {Directed self-assembly of block copolymers by chemical or topographical guiding patterns: Optimizing molecular architecture, thin-film properties, and kinetics},
	
	Volume = {54},
	
	Year = {2016}
	
	}
	
	
	
	@article{Khaira2014,
	
	Author = {Khaira, Gurdaman S. and Qin, Jian and Garner, Grant P. and Xiong, Shisheng and Wan, Lei and Ruiz, Ricardo and Jaeger, Heinrich M. and Nealey, Paul F. and {De Pablo}, Juan J.},
	
	Journal = {ACS Macro Letters},
	
	Number = {8},
	
	Pages = {747--752},
	
	Title = {Evolutionary optimization of directed self-assembly of triblock copolymers on chemically patterned substrates},
	
	Volume = {3},
	
	Year = {2014}
	
	}
	
	
	
	
	
	@article{CMS1,
	
	author = {Pfeifer, Spencer and Wodo, Olga and Ganapathysubramanian, Baskar},
	
	journal = {Computational Materials Science},
	
	keywords = {morphology,optimization,organic electronics,substrate patterning},
	
	title = {{An Optimization Approach to Identify Processing Pathways for Achieving Tailored Thin Film Morphologies}},
	
	year = {2017}
	
	}
	
	
	
	@article{Deibel2010,
	
	title={Polymer--fullerene bulk heterojunction solar cells},
	
	author={Deibel, Carsten and Dyakonov, Vladimir},
	
	journal={Reports on Progress in Physics},
	
	volume={73},
	
	number={9},
	
	pages={096401},
	
	year={2010},
	
	publisher={IOP Publishing}
	
	}
	
	
	
	@article{Hoppe2004a,
	
	Author = {Hoppe, Harald and Niggemann, Michael and Winder, Christoph and Kraut, J{\"{u}}rgen and Hiesgen, Renate and Hinsch, Andreas and Meissner, Dieter and Sariciftci, Niyazi Serdar},
	
	Journal = {Advanced Functional Materials},
	
	Number = {10},
	
	Pages = {1005--1011},
	
	Title = {{Nanoscale morphology of conjugated polymer/fullerene-based bulk-heterojunction solar cells}},
	
	Volume = {14},
	
	Year = {2004}
	
	}
	
	
	
	@article{Kim2005,
	
	Author = {Kim, Youngkyoo and Choulis, Stelios A. and Nelson, Jenny and Bradley, Donal D. C. and Cook, Steffan and Durrant, James R.},
	
	Journal = {Applied Physics Letters},
	
	Number = {6},
	
	Pages = {1--3},
	
	Title = {{Device annealing effect in organic solar cells with blends of regioregular poly~(3--hexylthiophene) and soluble fullerene}},
	
	Volume = {86},
	
	Year = {2005}
	
	}
	
	
	
	@article{Miller2008,
	
	title={Investigation of nanoscale morphological changes in organic photovoltaics during solvent vapor annealing},
	
	author={Miller, Steve and Fanchini, Giovanni and Lin, Yun-Yue and Li, Cheng and Chen, Chun-Wei and Su, Wei-Fang and Chhowalla, Manish},
	
	journal={Journal of materials chemistry},
	
	volume={18},
	
	number={3},
	
	pages={306--312},
	
	year={2008},
	
	publisher={Royal Society of Chemistry}
	
	}
	
	
	
	@article{Lee2008,
	
	title={Processing additives for improved efficiency from bulk heterojunction solar cells},
	
	author={Lee, Jae Kwan and Ma, Wan Li and Brabec, Christoph J and Yuen, Jonathan and Moon, Ji Sun and Kim, Jin Young and Lee, Kwanghee and Bazan, Guillermo C and Heeger, Alan J},
	
	journal={Journal of the American Chemical Society},
	
	volume={130},
	
	number={11},
	
	pages={3619--3623},
	
	year={2008},
	
	publisher={ACS Publications}
	
	}
	
	
	
	@article{Walheim1998,
	
	title={Surface-induced structure formation of polymer blends on patterned substrates},
	
	author={B{\"o}ltau, Martin and Walheim, Stefan and Mlynek, J{\"u}rgen and Krausch, Georg and Steiner, Ullrich},
	
	journal={Nature},
	
	volume={391},
	
	number={6670},
	
	pages={877--879},
	
	year={1998},
	
	publisher={Nature Publishing Group}
	
	}
	
	
	
	@article{Wodo2011a,
	
	Author = {Wodo, Olga and Ganapathysubramanian, Baskar},
	
	Journal = {Journal of Computational Physics},
	
	Number = {15},
	
	Pages = {6037--6060},
	
	Publisher = {Elsevier},
	
	Title = {Computationally efficient solution to the Cahn-Hilliard equation: Adaptive implicit time schemes, mesh sensitivity analysis and the 3D isoperimetric problem},
	
	Volume = {230},
	
	Year = {2011}
	
	}
	
	
	
	@article{Bjorstrom2007,
	
	title={Vertical phase separation in spin-coated films of a low bandgap polyfluorene/PCBM blend-effects of specific substrate interaction},
	
	author={Bj{\"o}rstr{\"o}m, Cecilia M and Nilsson, Svante and Bernasik, Andrzej and Budkowski, Andrzej and Andersson, Mats and Magnusson, Kjell O and Moons, Ellen},
	
	journal={Applied Surface Science},
	
	volume={253},
	
	number={8},
	
	pages={3906--3912},
	
	year={2007},
	
	publisher={Elsevier}
	
	}
	
	
	
	@article{Vaynzof2011,
	
	title={Surface-directed spinodal decomposition in poly [3-hexylthiophene] and C61-butyric acid methyl ester blends},
	
	author={Vaynzof, Yana and Kabra, Dinesh and Zhao, Lihong and Chua, Lay Lay and Steiner, Ullrich and Friend, Richard H},
	
	journal={Acs Nano},
	
	volume={5},
	
	number={1},
	
	pages={329--336},
	
	year={2010},
	
	publisher={ACS Publications}
	
	}
	
	
	
	@article{Krausch1995,
	
	Author = {Krausch, Georg},
	
	Date-Modified = {2017-10-13 13:51:33 +0000},
	
	Journal = {Materials Science and Engineering: R: Reports},
	
	Number = {1},
	
	Pages = {v--94},
	
	Publisher = {Elsevier},
	
	Title = {Surface induced self assembly in thin polymer films},
	
	Volume = {14},
	
	Year = {1995}
	
	}
	
	
	
	@article{Geoghegan2003a,
	
	Author = {Geoghegan, Mark and Krausch, Georg},
	
	Date-Modified = {2017-10-13 14:10:36 +0000},
	
	Journal = {Progress in Polymer Science},
	
	Pages = {261--302},
	
	Publisher = {Elsevier},
	
	Title = {Wetting at polymer surfaces and interfaces},
	
	Year = {2003}
	
	}
	
	
	
	@article{Wei2006a,
	
	Author = {Wei, Joseph H and Coffey, David C and Ginger, David S},
	
	Journal = {The Journal of Physical Chemistry B},
	
	Number = {48},
	
	Pages = {24324--24330},
	
	Publisher = {ACS Publications},
	
	Title = {Nucleating pattern formation in spin-coated polymer blend films with nanoscale surface templates},
	
	Volume = {110},
	
	Year = {2006}
	
	}
	
	
	
	@article{Park2008b,
	
	Author = {Park, Lee Y and Munro, Andrea M and Ginger, David S},
	
	Journal = {Journal of the American Chemical Society},
	
	Number = {47},
	
	Pages = {15916--15926},
	
	Publisher = {ACS Publications},
	
	Title = {Controlling film morphology in conjugated polymer: fullerene blends with surface patterning},
	
	Volume = {130},
	
	Year = {2008}
	
	}
	
	
	
	@article{Jones1989,
	
	Author = {Jones, Richard AL and Kramer, Edward J and Rafailovich, Miriam H and Sokolov, Jonathon and Schwarz, Steven A},
	
	Date-Modified = {2017-10-13 13:53:49 +0000},
	
	Journal = {Physical Review Letters},
	
	Number = {3},
	
	Pages = {280--283},
	
	Title = {Surface Enrichment in an Isotopic Polymer Blend},
	
	Volume = {62},
	
	Year = {1989}
	
	}
	
	
	
	@incollection{Glotzer1995,
	
	title={Computer simulations of spinodal decomposition in polymer blends},
	
	author={C. Glotzer, Sharon},
	
	booktitle={Annual Reviews of Computational Physics II},
	
	pages={1--46},
	
	year={1995},
	
	publisher={World Scientific}
	
	}
	
	
	
	@article{Karma1999,
	
	title={Phase-field model of dendritic sidebranching with thermal noise},
	
	author={Karma, Alain and Rappel, Wouter-Jan},
	
	journal={Physical review E},
	
	volume={60},
	
	number={4},
	
	pages={3614},
	
	year={1999},
	
	publisher={APS}
	
	}
	
	
	
	@article{wodo2012computational,
	
	title={Computational characterization of bulk heterojunction nanomorphology},
	
	author={Wodo, Olga and Tirthapura, Srikanta and Chaudhary, Sumit and Ganapathysubramanian, Baskar},
	
	journal={Journal of Applied Physics},
	
	volume={112},
	
	number={6},
	
	pages={064316},
	
	year={2012},
	
	publisher={AIP}
	
	}
	
	
	
	@proceedings{petsc-efficient,
	
	Author = {Satish Balay and William D. Gropp and Lois Curfman McInnes and Barry F. Smith},
	
	Booktitle = {Modern Software Tools in Scientific Computing},
	
	Editor = {E. Arge and A. M. Bruaset and H. P. Langtangen},
	
	Pages = {163--202},
	
	Publisher = {Birkh{\"{a}}user Press},
	
	Title = {Efficient Management of Parallelism in Object Oriented Numerical Software Libraries},
	
	Year = {1997}}
	
	
	
	@article{Pokuri2017,
	
	author = {Pokuri, Balaji Sesha Sarath and Sit, Joseph and Wodo, Olga and Baran, Derya and Ameri, Tayebeh and Brabec, Christoph J. and Moule, Adam J. and Ganapathysubramanian, Baskar},
	
	doi = {10.1002/aenm.201701269},
	
	issn = {16146832},
	
	journal = {Advanced Energy Materials},
	
	pages = {1701269},
	
	title = {{Nanoscale Morphology of Doctor Bladed versus Spin-Coated Organic Photovoltaic Films}},
	
	url = {http://doi.wiley.com/10.1002/aenm.201701269},
	
	volume = {1701269},
	
	year = {2017}
	
	}
	
	
	
	@article{Wodo2013,
	
	author = {Wodo, Olga and Roehling, John D. and Moul{\'{e}}, Adam J. and Ganapathysubramanian, Baskar},
	
	doi = {10.1039/c3ee41224e},
	
	file = {:Users/spfeife/Library/Application Support/Mendeley Desktop/Downloaded/Wodo et al. - 2013 - Quantifying organic solar cell morphology a computational study of three-dimensional maps.pdf:pdf},
	
	issn = {1754-5692},
	
	journal = {Energy {\&} Environmental Science},
	
	keywords = {WB},
	
	mendeley-tags = {WB},
	
	number = {10},
	
	pages = {3060},
	
	title = {{Quantifying organic solar cell morphology: a computational study of three-dimensional maps}},
	
	url = {http://xlink.rsc.org/?DOI=c3ee41224e},
	
	volume = {6},
	
	year = {2013}
	
	}
	
	
	
	@article{zhao2016vertical,
	
	title={Vertical phase separation in small molecule: polymer blend organic thin film transistors can be dynamically controlled},
	
	author={Zhao, Kui and Wodo, Olga and Ren, Dingding and Khan, Hadayat Ullah and Niazi, Muhammad Rizwan and Hu, Hanlin and Abdelsamie, Maged and Li, Ruipeng and Li, Er and Yu, Liyang and others},
	
	journal={Advanced Functional Materials},
	
	volume={26},
	
	number={11},
	
	pages={1737--1746},
	
	year={2016},
	
	publisher={Wiley Online Library}
	
	}
	
	
	
	@article{kodali2012computer_msmse,
	
	title={Computer simulation of heterogeneous polymer photovoltaic devices},
	
	author={Kodali, Hari K and Ganapathysubramanian, Baskar},
	
	journal={Modelling and Simulation in Materials Science and Engineering},
	
	volume={20},
	
	number={3},
	
	pages={035015},
	
	year={2012},
	
	publisher={IOP Publishing}
	
	}
	
	
	
	@article{kodali2012computational_cmame,
	
	title={A computational framework to investigate charge transport in heterogeneous organic photovoltaic devices},
	
	author={Kodali, Hari K and Ganapathysubramanian, Baskar},
	
	journal={Computer Methods in Applied Mechanics and Engineering},
	
	volume={247},
	
	pages={113--129},
	
	year={2012},
	
	publisher={Elsevier}
	
	}
	
	
	
	@article{pokuri2018toms,
	
	title={Parallel, Extensible Bayesian Optimization for High Performance Computing},
	
	author={Pokuri, Balaji Sesha Sarath and Lofquist, Alec and Ganapathysubramanian, Baskar},
	
	year={\noop{0001}In prep},
	
	journal={Transactions on Mathematical Software},
	
	publisher={Association for Computing Machinery}
	
	}
	
	
	
@article{forrest2004,
	
	title={The path to ubiquitous and low-cost organic electronic appliances on plastic},
	
	author={Forrest, Stephen R},
	
	journal={Nature},
	
	volume={428},
	
	number={6986},
	
	pages={911--918},
	
	year={2004},
	
	publisher={Nature Publishing Group}
	
	}
	
	
	
	@article{Dalnoki-Veress1997,
	
	title={Phase separation morphology of spin-coated polymer blend thin films},
	
	author={Dalnoki-Veress, K and Forrest, JA and Stevens, JR and Dutcher, JR},
	
	journal={Physica A: Statistical Mechanics and its Applications},
	
	volume={239},
	
	number={1-3},
	
	pages={87--94},
	
	year={1997},
	
	publisher={Elsevier}
	
	}
	
	
	
	@article{Pablo2013,
	
	Author = {Qin, Jian and Khaira, Gurdaman S. and Su, Yongrui and Garner, Grant P. and Miskin, Marc and Jaeger, Heinrich M. and de Pablo, Juan J.},
	
	Journal = {Soft Matter},
	
	Number = {48},
	
	Pages = {11467},
	
	Title = {{Evolutionary pattern design for copolymer directed self-assembly}},
	
	Volume = {9},
	
	Year = {2013}}
	
	
	
	@article{Boudouris2015,
	
	title={Systematic control of the nanostructure of semiconducting-ferroelectric polymer composites in thin film memory devices},
	
	author={Sung, Seung Hyun and Boudouris, Bryan W},
	
	journal={ACS Macro Letters},
	
	volume={4},
	
	number={3},
	
	pages={293--297},
	
	year={2015},
	
	publisher={ACS Publications}
	
	}
	
	
	
	@article{Lee2015,
	
	title={Printable solid-state lithium-ion batteries: a new route toward shape-conformable power sources with aesthetic versatility for flexible electronics},
	
	author={Kim, Se-Hee and Choi, Keun-Ho and Cho, Sung-Ju and Choi, Sinho and Park, Soojin and Lee, Sang-Young},
	
	journal={Nano1letters},
	
	volume={15},
	
	number={8},
	
	pages={5168--5177},
	
	year={2015},
	
	publisher={ACS Publications}
	
	}
	
	
	
	@article{Bjorstrom2005,
	
	title={Multilayer formation in spin-coated thin films of low-bandgap polyfluorene: PCBM blends},
	
	author={Bj{\"o}rstr{\"o}m, Cecilia M and Bernasik, Andrzej and Rysz, Jakub and Budkowski, Andrzej and Nilsson, Svante and Svensson, Mattias and Andersson, Mats R and Magnusson, Kjell O and Moons, Ellen},
	
	journal={Journal of Physics: Condensed Matter},
	
	volume={17},
	
	number={50},
	
	pages={L529},
	
	year={2005},
	
	publisher={IOP Publishing}
	
	}
	
	
	
	@article{Blom2008,
	
	title={Organic non-volatile memories from ferroelectric phase-separated blends},
	
	author={Asadi, Kamal and De Leeuw, Dago M and De Boer, Bert and Blom, Paul WM},
	
	journal={Nature materials},
	
	volume={7},
	
	number={7},
	
	pages={547--550},
	
	year={2008},
	
	publisher={Nature Publishing Group}
	
	}
	
	
	
	@article{Lee2017,
	
	title={Organic flash memory on various flexible substrates for foldable and disposable electronics},
	
	author={Lee, Seungwon and Seong, Hyejeong and Im, Sung Gap and Moon, Hanul and Yoo, Seunghyup},
	
	journal={Nature Communications},
	
	volume={8},
	
	number={1},
	
	pages={725},
	
	year={2017},
	
	publisher={Nature Publishing Group}
	
	}
	
	
	
	@book{Robeson2007,
	
	Author = {Robeson, Lloyd M},
	
	Isbn = {9783446225695},
	
	Pages = {1--459},
	
	Publisher = {Hanser},
	
	Title = {{Polymer blends}},
	
	Url = {http://www.getcited.org/pub/100429951},
	
	Year = {2007},
	
	Bdsk-Url-1 = {http://www.getcited.org/pub/100429951}
	
	}
	
	
	
	
	
	@article{Ju2017,
	
	title={Designing Nanostructures for Phonon Transport via Bayesian Optimization},
	
	author={Ju, Shenghong and Shiga, Takuma and Feng, Lei and Hou, Zhufeng and Tsuda, Koji and Shiomi, Junichiro},
	
	journal={Physical Review X},
	
	volume={7},
	
	number={2},
	
	pages={021024},
	
	year={2017},
	
	publisher={APS}
	
	}
	
	
	
	@article{Michels2016,
	
	title={Structuring of thin-film polymer mixtures upon solvent evaporation},
	
	author={Schaefer, C and Michels, Jasper J and van der Schoot, PPAM},
	
	journal={Macromolecules},
	
	volume={49},
	
	number={18},
	
	pages={6858--6870},
	
	year={2016},
	
	publisher={ACS Publications}
	
	}
	
	
	
	
	
	@article{Wodo2012a,
	
	Author = {Wodo, Olga and Ganapathysubramanian, Baskar},
	
	Journal = {Computational Materials Science},
	
	Month = {apr},
	
	Pages = {113--126},
	
	Title = {{Modeling morphology evolution during solvent-based fabrication of organic solar cells}},
	
	Volume = {55},
	
	Year = {2012}}
	
	
	
	@article{OE2017,
	
	title={Ultra-conformable Organic Field-Effect Transistors and circuits for epidermal electronic applications},
	
	author={Lai, Stefano and Zucca, Alessandra and Cosseddu, Piero and Greco, Francesco and Mattoli, Virgilio and Bonfiglio, Annalisa},
	
	journal={Organic Electronics},
	
	volume={46},
	
	pages={60--67},
	
	year={2017},
	
	publisher={Elsevier}
	
	}
	
	
	
	@article{VanFraneker2015,
	
	title={Controlling the Dominant Length Scale of Liquid--Liquid Phase Separation in Spin-coated Organic Semiconductor Films},
	
	author={van Franeker, Jacobus J and Westhoff, Daniel and Turbiez, Mathieu and Wienk, Martijn M and Schmidt, Volker and Janssen, Ren{\'e} AJ},
	
	journal={Advanced Functional Materials},
	
	volume={25},
	
	number={6},
	
	pages={855--863},
	
	year={2015},
	
	publisher={Wiley Online Library}
	
	}
	
	@article{teichler2013inkjet,
	
	title={Inkjet printing of organic electronics--comparison of deposition techniques and state-of-the-art developments},
	
	author={Teichler, Anke and Perelaer, Jolke and Schubert, Ulrich S},
	
	journal={Journal of Materials Chemistry C},
	
	volume={1},
	
	number={10},
	
	pages={1910--1925},
	
	year={2013},
	
	publisher={Royal Society of Chemistry}
	
	}
	
	
	
	@article{Kim2009b,
	
	title={A numerical method for the ternary Cahn--Hilliard system with a degenerate mobility},
	
	author={Kim, Junseok and Kang, Kyungkeun},
	
	journal={Applied Numerical Mathematics},
	
	volume={59},
	
	number={5},
	
	pages={1029--1042},
	
	year={2009},
	
	publisher={Elsevier}
	
	}
	
	
	
	@article{Hoppe2005,
	
	title={Morphology of polymer/fullerene bulk heterojunction solar cells},
	
	author={Hoppe, Harald and Sariciftci, Niyazi Serdar},
	
	journal={Journal of Materials Chemistry},
	
	volume={16},
	
	number={1},
	
	pages={45--61},
	
	year={2006},
	
	publisher={Royal Society of Chemistry}
	
	}
	
	
	
	@article{Reuss2017,
	
	title={A Circuits and Systems Perspective of Organic/Printed Electronics: Review, Challenges, and Contemporary and Emerging Design Approaches},
	
	author={Chang, Joseph S and Facchetti, Antonio F and Reuss, Robert},
	
	journal={IEEE Journal on Emerging and Selected Topics in Circuits and Systems},
	
	volume={7},
	
	number={1},
	
	pages={7--26},
	
	year={2017},
	
	publisher={IEEE}
	
	}
	
	
	
	@article{Brochu2010,
	
	title={A tutorial on Bayesian optimization of expensive cost functions, with application to active user modeling and hierarchical reinforcement learning},
	
	author={Brochu, Eric and Cora, Vlad M and De Freitas, Nando},
	
	journal={arXiv preprint arXiv:1012.2599},
	
	year={2010}
	
	}
	
	
	
	@article{wodo2015automated,
	
	title={Automated, high throughput exploration of process--structure--property relationships using the mapreduce paradigm},
	
	author={Wodo, Olga and Zola, Jaroslaw and Pokuri, Balaji Sesha Sarath and Du, Pengfei and Ganapathysubramanian, Baskar},
	
	journal={Materials Discovery},
	
	volume={1},
	
	pages={21--28},
	
	year={2015},
	
	publisher={Elsevier}
	
	}
	
	
	
	@article{Campoy2008,
	
	title={Morphology evolution via self-organization and lateral and vertical diffusion in polymer: fullerene solar cell blends},
	
	author={Campoy-Quiles, Mariano and Ferenczi, Toby and Agostinelli, Tiziano and Etchegoin, Pablo G and Kim, Youngkyoo and Anthopoulos, Thomas D and Stavrinou, Paul N and Bradley, Donal DC and Nelson, Jenny},
	
	journal={Nature materials},
	
	volume={7},
	
	number={2},
	
	pages={158--164},
	
	year={2008},
	
	publisher={Nature Publishing Group}
	
	}
	
	
	
	@article{Curtarolo2013,
	
	title={The high-throughput highway to computational materials design},
	
	author={Curtarolo, Stefano and Hart, Gus LW and Nardelli, Marco Buongiorno and Mingo, Natalio and Sanvito, Stefano and Levy, Ohad},
	
	journal={Nature materials},
	
	volume={12},
	
	number={3},
	
	pages={191--201},
	
	year={2013},
	
	publisher={Nature Research}
	
	}
	
	
	
	@article{Kawano2009,
	
	title={Effect of solvent on fabrication of active layers in organic solar cells based on poly (3-hexylthiophene) and fullerene derivatives},
	
	author={Kawano, Kenji and Sakai, Jun and Yahiro, Masayuki and Adachi, Chihaya},
	
	journal={Solar Energy Materials and Solar Cells},
	
	volume={93},
	
	number={4},
	
	pages={514--518},
	
	year={2009},
	
	publisher={Elsevier}
	
	}
	
	
	
	@article{Bao2016,
	
	title={The rise of plastic bioelectronics},
	
	author={Someya, Takao and Bao, Zhenan and Malliaras, George G},
	
	journal={Nature},
	
	volume={540},
	
	number={7633},
	
	pages={379--385},
	
	year={2016},
	
	publisher={Nature Research}
	
	}
	
	@article{schaefer2017dynamic,
	
	title={Dynamic surface enrichment in drying thin-film binary polymer solutions},
	
	author={Schaefer, C and Michels, JJ and van der Schoot, PPAM},
	
	journal={Macromolecules},
	
	volume={50},
	
	number={15},
	
	pages={5914--5919},
	
	year={2017},
	
	publisher={ACS Publications}
	
	}
	
	
	
	@article{Negoescu2011,
	
	title={The knowledge-gradient algorithm for sequencing experiments in drug discovery},
	
	author={Negoescu, Diana M and Frazier, Peter I and Powell, Warren B},
	
	journal={INFORMS Journal on Computing},
	
	volume={23},
	
	number={3},
	
	pages={346--363},
	
	year={2011},
	
	publisher={INFORMS}
	
	}
	
	
	
	@article{Ebbens2011,
	
	title={InSitu Imaging and Height Reconstruction of Phase Separation Processes in Polymer Blends during Spin Coating},
	
	author={Ebbens, Stephen and Hodgkinson, Richard and Parnell, Andrew J and Dunbar, Alan and Martin, Simon J and Topham, Paul D and Clarke, Nigel and Howse, Jonathan R},
	
	year={2011},
	
	journal = {ACS Nano},
	
	publisher={ACS Publications}
	
	}
	
	
	
	@article{Sariciftci2013,
	
	title={Efficiency of bulk-heterojunction organic solar cells},
	
	author={Scharber, Markus Clark and Sariciftci, Niyazi Serdar},
	
	journal={Progress in polymer science},
	
	volume={38},
	
	number={12},
	
	pages={1929--1940},
	
	year={2013},
	
	publisher={Elsevier}
	
	}
	
	
	
	@article{sekitani2009stretchable,
	
	title={Stretchable active-matrix organic light-emitting diode display using printable elastic conductors},
	
	author={Sekitani, Tsuyoshi and Nakajima, Hiroyoshi and Maeda, Hiroki and Fukushima, Takanori and Aida, Takuzo and Hata, Kenji and Someya, Takao},
	
	journal={Nature materials},
	
	volume={8},
	
	number={6},
	
	pages={494--499},
	
	year={2009},
	
	publisher={Nature Publishing Group}
	
	}
	
	
	
	@article{Gutmann2001,
	
	title={A radial basis function method for global optimization},
	
	author={Gutmann, H-M},
	
	journal={Journal of Global Optimization},
	
	volume={19},
	
	number={3},
	
	pages={201--227},
	
	year={2001},
	
	publisher={Springer}
	
	}
	
	
	
	@article{biodegradable2012,
	
	title={Green and biodegradable electronics},
	
	author={Irimia-Vladu, Mihai and G{\l}owacki, Eric D and Voss, Gundula and Bauer, Siegfried and Sariciftci, Niyazi Serdar},
	
	journal={Materials Today},
	
	volume={15},
	
	number={7},
	
	pages={340--346},
	
	year={2012},
	
	publisher={Elsevier}
	
	}
	
	
	
	@article{Bao2014,
	
	title={Morphology control strategies for solution-processed organic semiconductor thin films},
	
	author={Diao, Ying and Shaw, Leo and Bao, Zhenan and Mannsfeld, Stefan CB},
	
	journal={Energy \& Environmental Science},
	
	volume={7},
	
	number={7},
	
	pages={2145--2159},
	
	year={2014},
	
	publisher={Royal Society of Chemistry}
	
	}
	
	
	
	@article{Gupta2015,
	
	title={Structure--property linkages using a data science approach: application to a non-metallic inclusion/steel composite system},
	
	author={Gupta, Akash and Cecen, Ahmet and Goyal, Sharad and Singh, Amarendra K and Kalidindi, Surya R},
	
	journal={Acta Materialia},
	
	volume={91},
	
	pages={239--254},
	
	year={2015},
	
	publisher={Elsevier}
	
	}
	
	
	
	@article{Brabec2010,
	
	title={Polymer--fullerene bulk-heterojunction solar cells},
	
	author={Brabec, Christoph J and Gowrisanker, Srinivas and Halls, Jonathan JM and Laird, Darin and Jia, Shijun and Williams, Shawn P},
	
	journal={Advanced Materials},
	
	volume={22},
	
	number={34},
	
	pages={3839--3856},
	
	year={2010},
	
	publisher={Wiley Online Library}
	
	}
	
	
	
	@article{Kouijzer2013,
	
	title={Predicting morphologies of solution processed polymer: fullerene blends},
	
	author={Kouijzer, Sandra and Michels, Jasper J and van den Berg, Mauricio and Gevaerts, Veronique S and Turbiez, Mathieu and Wienk, Martijn M and Janssen, Ren{\'e} AJ},
	
	journal={J. Am. Chem. Soc},
	
	volume={135},
	
	number={32},
	
	pages={12057--12067},
	
	year={2013},
	
	publisher={ACS Publications}
	
	}
	
	
	
	@book{Jones1999,
	
	Author = {Jones, Richard Anthony Lewis},
	
	Publisher = {Cambridge University Press},
	
	Title = {Polymers at surfaces and interfaces},
	
	Year = {1999}
	
	}
	
	
	
	@article{Budkowski2003,
	
	title={Substrate-determined shape of free surface profiles in spin-cast polymer blend films},
	
	author={Budkowski, Andrzej and Bernasik, Andrzej and Cyganik, P and Raczkowska, J and Penc, B and Bergues, B and Kowalski, K and Rysz, Jakub and Janik, J},
	
	journal={Macromolecules},
	
	volume={36},
	
	number={11},
	
	pages={4060--4067},
	
	year={2003},
	
	publisher={ACS Publications}
	
	}
	
	
	
	@article{lee2016transparent,
	
	title={A transparent bending-insensitive pressure sensor},
	
	author={Lee, Sungwon and Reuveny, Amir and Reeder, Jonathan and Lee, Sunghoon and Jin, Hanbit and Liu, Qihan and Yokota, Tomoyuki and Sekitani, Tsuyoshi and Isoyama, Takashi and Abe, Yusuke and others},
	
	journal={Nature nanotechnology},
	
	volume={11},
	
	number={5},
	
	pages={472--478},
	
	year={2016},
	
	publisher={Nature Research}
	
	}
	
	
	
	@article{Zhan2014,
	
	title={Materials capability and device performance in flexible electronics for the Internet of Things},
	
	author={Zhan, Yiqiang and Mei, Yongfeng and Zheng, Lirong},
	
	journal={Journal of Materials Chemistry C},
	
	volume={2},
	
	number={7},
	
	pages={1220--1232},
	
	year={2014},
	
	publisher={Royal Society of Chemistry}
	
	}
	
	
	
	@article{someya2004large,
	
	title={A large-area, flexible pressure sensor matrix with organic field-effect transistors for artificial skin applications},
	
	author={Someya, Takao and Sekitani, Tsuyoshi and Iba, Shingo and Kato, Yusaku and Kawaguchi, Hiroshi and Sakurai, Takayasu},
	
	journal={Proceedings of the National Academy of Sciences of the United States of America},
	
	volume={101},
	
	number={27},
	
	pages={9966--9970},
	
	year={2004},
	
	publisher={National Acad Sciences}
	
	}
	
	
	
	@article{wodo2014,
	
	Author = {Wodo, Olga and Ganapathysubramanian, Baskar},
	
	Journal = {Applied Physics Letters},
	
	Number = {15},
	
	Pages = {153104},
	
	Publisher = {AIP Publishing},
	
	Title = {How do evaporating thin films evolve? Unravelling phase-separation mechanisms during solvent-based fabrication of polymer blends},
	
	Volume = {105},
	
	Year = {2014}}
	
	
	
	@article{Panchal2013,
	
	Author = {Panchal, Jitesh H and Kalidindi, Surya R and McDowell, David L},
	
	Date-Modified = {2017-10-13 13:43:01 +0000},
	
	Journal = {Computer-Aided Design},
	
	Number = {1},
	
	Pages = {4--25},
	
	Title = {Key computational modeling issues in Integrated Computational Materials Engineering},
	
	Volume = {45},
	
	Year = {2013}}
	
	
	
	@article{white2013ultrathin,
	
	title={Ultrathin, highly flexible and stretchable PLEDs},
	
	author={White, Matthew S and Kaltenbrunner, Martin and G{\l}owacki, Eric D and Gutnichenko, Kateryna and Kettlgruber, Gerald and Graz, Ingrid and Aazou, Safae and Ulbricht, Christoph and Egbe, Daniel AM and Miron, Matei C and others},
	
	journal={Nature Photonics},
	
	volume={7},
	
	number={10},
	
	pages={811--816},
	
	year={2013},
	
	publisher={Nature Research}
	
	}
	
	
	
	@article{brough2017microstructure,
	
	title={Microstructure-based knowledge systems for capturing process-structure evolution linkages},
	
	author={Brough, David B and Wheeler, Daniel and Warren, James A and Kalidindi, Surya R},
	
	journal={Current Opinion in Solid State and Materials Science},
	
	volume={21},
	
	number={3},
	
	pages={129--140},
	
	year={2017},
	
	publisher={Elsevier}
	
	}
	
	
	
	@article{simon2016organic,
	
	title={Organic bioelectronics: bridging the signaling gap between biology and technology},
	
	author={Simon, Daniel T and Gabrielsson, Erik O and Tybrandt, Klas and Berggren, Magnus},
	
	journal={Chem. Rev},
	
	volume={116},
	
	number={21},
	
	pages={13009--13041},
	
	year={2016},
	
	publisher={ACS Publications}
	
	}
	
	
	
	@article{yokota2016ultraflexible,
	
	title={Ultraflexible organic photonic skin},
	
	author={Yokota, Tomoyuki and Zalar, Peter and Kaltenbrunner, Martin and Jinno, Hiroaki and Matsuhisa, Naoji and Kitanosako, Hiroki and Tachibana, Yutaro and Yukita, Wakako and Koizumi, Mari and Someya, Takao},
	
	journal={Science advances},
	
	volume={2},
	
	number={4},
	
	pages={e1501856},
	
	year={2016},
	
	publisher={American Association for the Advancement of Science}
	
	}
	
	
	
	@article{Sundararaghavan2006,
	
	Author = {Sundararaghavan, Veera and Zabaras, Nicholas},
	
	Journal = {International Journal of Plasticity},
	
	Number = {10},
	
	Pages = {1799--1824},
	
	Title = {{Design of microstructure-sensitive properties in elasto-viscoplastic polycrystals using multi-scale homogenization}},
	
	Volume = {22},
	
	Year = {2006}}
	
	
	
	
	
	@article{Fullwood2010,
	
	title={Microstructure sensitive design for performance optimization},
	
	author={Fullwood, David T and Niezgoda, Stephen R and Adams, Brent L and Kalidindi, Surya R},
	
	journal={Progress in Materials Science},
	
	volume={55},
	
	number={6},
	
	pages={477--562},
	
	year={2010},
	
	publisher={Elsevier}
	
	}
	
	
	
	@article{Li2016,
	
	Author = {Li, Weihua and M{\"u}ller, Marcus},
	
	Journal = {Progress in Polymer Science},
	
	Pages = {47--75},
	
	Publisher = {Elsevier},
	
	Title = {Directed self-assembly of block copolymers by chemical or topographical guiding patterns: Optimizing molecular architecture, thin-film properties, and kinetics},
	
	Volume = {54},
	
	Year = {2016}
	
	}
	
	
	
	@article{Khaira2014,
	
	Author = {Khaira, Gurdaman S. and Qin, Jian and Garner, Grant P. and Xiong, Shisheng and Wan, Lei and Ruiz, Ricardo and Jaeger, Heinrich M. and Nealey, Paul F. and {De Pablo}, Juan J.},
	
	Journal = {ACS Macro Letters},
	
	Number = {8},
	
	Pages = {747--752},
	
	Title = {Evolutionary optimization of directed self-assembly of triblock copolymers on chemically patterned substrates},
	
	Volume = {3},
	
	Year = {2014}
	
	}
	
	
	
	
	
	@article{CMS1,
	
	author = {Pfeifer, Spencer and Wodo, Olga and Ganapathysubramanian, Baskar},
	
	journal = {Computational Materials Science},
	
	keywords = {morphology,optimization,organic electronics,substrate patterning},
	
	title = {{An Optimization Approach to Identify Processing Pathways for Achieving Tailored Thin Film Morphologies}},
	
	year = {2017}
	
	}
	
	
	
	@article{Deibel2010,
	
	title={Polymer--fullerene bulk heterojunction solar cells},
	
	author={Deibel, Carsten and Dyakonov, Vladimir},
	
	journal={Reports on Progress in Physics},
	
	volume={73},
	
	number={9},
	
	pages={096401},
	
	year={2010},
	
	publisher={IOP Publishing}
	
	}
	
	
	
	@article{Hoppe2004a,
	
	Author = {Hoppe, Harald and Niggemann, Michael and Winder, Christoph and Kraut, J{\"{u}}rgen and Hiesgen, Renate and Hinsch, Andreas and Meissner, Dieter and Sariciftci, Niyazi Serdar},
	
	Journal = {Advanced Functional Materials},
	
	Number = {10},
	
	Pages = {1005--1011},
	
	Title = {{Nanoscale morphology of conjugated polymer/fullerene-based bulk-heterojunction solar cells}},
	
	Volume = {14},
	
	Year = {2004}
	
	}
	
	
	
	@article{Kim2005,
	
	Author = {Kim, Youngkyoo and Choulis, Stelios A. and Nelson, Jenny and Bradley, Donal D. C. and Cook, Steffan and Durrant, James R.},
	
	Journal = {Applied Physics Letters},
	
	Number = {6},
	
	Pages = {1--3},
	
	Title = {{Device annealing effect in organic solar cells with blends of regioregular poly~(3--hexylthiophene) and soluble fullerene}},
	
	Volume = {86},
	
	Year = {2005}
	
	}
	
	
	
	@article{Miller2008,
	
	title={Investigation of nanoscale morphological changes in organic photovoltaics during solvent vapor annealing},
	
	author={Miller, Steve and Fanchini, Giovanni and Lin, Yun-Yue and Li, Cheng and Chen, Chun-Wei and Su, Wei-Fang and Chhowalla, Manish},
	
	journal={Journal of materials chemistry},
	
	volume={18},
	
	number={3},
	
	pages={306--312},
	
	year={2008},
	
	publisher={Royal Society of Chemistry}
	
	}
	
	
	
	@article{Lee2008,
	
	title={Processing additives for improved efficiency from bulk heterojunction solar cells},
	
	author={Lee, Jae Kwan and Ma, Wan Li and Brabec, Christoph J and Yuen, Jonathan and Moon, Ji Sun and Kim, Jin Young and Lee, Kwanghee and Bazan, Guillermo C and Heeger, Alan J},
	
	journal={Journal of the American Chemical Society},
	
	volume={130},
	
	number={11},
	
	pages={3619--3623},
	
	year={2008},
	
	publisher={ACS Publications}
	
	}
	
	
	
	@article{Walheim1998,
	
	title={Surface-induced structure formation of polymer blends on patterned substrates},
	
	author={B{\"o}ltau, Martin and Walheim, Stefan and Mlynek, J{\"u}rgen and Krausch, Georg and Steiner, Ullrich},
	
	journal={Nature},
	
	volume={391},
	
	number={6670},
	
	pages={877--879},
	
	year={1998},
	
	publisher={Nature Publishing Group}
	
	}
	
	
	
	@article{Wodo2011a,
	
	Author = {Wodo, Olga and Ganapathysubramanian, Baskar},
	
	Journal = {Journal of Computational Physics},
	
	Number = {15},
	
	Pages = {6037--6060},
	
	Publisher = {Elsevier},
	
	Title = {Computationally efficient solution to the Cahn-Hilliard equation: Adaptive implicit time schemes, mesh sensitivity analysis and the 3D isoperimetric problem},
	
	Volume = {230},
	
	Year = {2011}
	
	}
	
	
	
	@article{Bjorstrom2007,
	
	title={Vertical phase separation in spin-coated films of a low bandgap polyfluorene/PCBM blend-effects of specific substrate interaction},
	
	author={Bj{\"o}rstr{\"o}m, Cecilia M and Nilsson, Svante and Bernasik, Andrzej and Budkowski, Andrzej and Andersson, Mats and Magnusson, Kjell O and Moons, Ellen},
	
	journal={Applied Surface Science},
	
	volume={253},
	
	number={8},
	
	pages={3906--3912},
	
	year={2007},
	
	publisher={Elsevier}
	
	}
	
	
	
	@article{Vaynzof2011,
	
	title={Surface-directed spinodal decomposition in poly [3-hexylthiophene] and C61-butyric acid methyl ester blends},
	
	author={Vaynzof, Yana and Kabra, Dinesh and Zhao, Lihong and Chua, Lay Lay and Steiner, Ullrich and Friend, Richard H},
	
	journal={Acs Nano},
	
	volume={5},
	
	number={1},
	
	pages={329--336},
	
	year={2010},
	
	publisher={ACS Publications}
	
	}
	
	
	
	@article{Krausch1995,
	
	Author = {Krausch, Georg},
	
	Date-Modified = {2017-10-13 13:51:33 +0000},
	
	Journal = {Materials Science and Engineering: R: Reports},
	
	Number = {1},
	
	Pages = {v--94},
	
	Publisher = {Elsevier},
	
	Title = {Surface induced self assembly in thin polymer films},
	
	Volume = {14},
	
	Year = {1995}
	
	}
	
	
	
	@article{Geoghegan2003a,
	
	Author = {Geoghegan, Mark and Krausch, Georg},
	
	Date-Modified = {2017-10-13 14:10:36 +0000},
	
	Journal = {Progress in Polymer Science},
	
	Pages = {261--302},
	
	Publisher = {Elsevier},
	
	Title = {Wetting at polymer surfaces and interfaces},
	
	Year = {2003}
	
	}
	
	
	
	@article{Wei2006a,
	
	Author = {Wei, Joseph H and Coffey, David C and Ginger, David S},
	
	Journal = {The Journal of Physical Chemistry B},
	
	Number = {48},
	
	Pages = {24324--24330},
	
	Publisher = {ACS Publications},
	
	Title = {Nucleating pattern formation in spin-coated polymer blend films with nanoscale surface templates},
	
	Volume = {110},
	
	Year = {2006}
	
	}
	
	
	
	@article{Park2008b,
	
	Author = {Park, Lee Y and Munro, Andrea M and Ginger, David S},
	
	Journal = {Journal of the American Chemical Society},
	
	Number = {47},
	
	Pages = {15916--15926},
	
	Publisher = {ACS Publications},
	
	Title = {Controlling film morphology in conjugated polymer: fullerene blends with surface patterning},
	
	Volume = {130},
	
	Year = {2008}
	
	}
	
	
	
	@article{Jones1989,
	
	Author = {Jones, Richard AL and Kramer, Edward J and Rafailovich, Miriam H and Sokolov, Jonathon and Schwarz, Steven A},
	
	Date-Modified = {2017-10-13 13:53:49 +0000},
	
	Journal = {Physical Review Letters},
	
	Number = {3},
	
	Pages = {280--283},
	
	Title = {Surface Enrichment in an Isotopic Polymer Blend},
	
	Volume = {62},
	
	Year = {1989}
	
	}
	
	
	
	@incollection{Glotzer1995,
	
	title={Computer simulations of spinodal decomposition in polymer blends},
	
	author={C. Glotzer, Sharon},
	
	booktitle={Annual Reviews of Computational Physics II},
	
	pages={1--46},
	
	year={1995},
	
	publisher={World Scientific}
	
	}
	
	
	
	@article{Karma1999,
	
	title={Phase-field model of dendritic sidebranching with thermal noise},
	
	author={Karma, Alain and Rappel, Wouter-Jan},
	
	journal={Physical review E},
	
	volume={60},
	
	number={4},
	
	pages={3614},
	
	year={1999},
	
	publisher={APS}
	
	}
	
	
	
	@article{wodo2012computational,
	
	title={Computational characterization of bulk heterojunction nanomorphology},
	
	author={Wodo, Olga and Tirthapura, Srikanta and Chaudhary, Sumit and Ganapathysubramanian, Baskar},
	
	journal={Journal of Applied Physics},
	
	volume={112},
	
	number={6},
	
	pages={064316},
	
	year={2012},
	
	publisher={AIP}
	
	}
	
	
	
	@proceedings{petsc-efficient,
	
	Author = {Satish Balay and William D. Gropp and Lois Curfman McInnes and Barry F. Smith},
	
	Booktitle = {Modern Software Tools in Scientific Computing},
	
	Editor = {E. Arge and A. M. Bruaset and H. P. Langtangen},
	
	Pages = {163--202},
	
	Publisher = {Birkh{\"{a}}user Press},
	
	Title = {Efficient Management of Parallelism in Object Oriented Numerical Software Libraries},
	
	Year = {1997}}
	
	
	
	@article{Pokuri2017,
	
	author = {Pokuri, Balaji Sesha Sarath and Sit, Joseph and Wodo, Olga and Baran, Derya and Ameri, Tayebeh and Brabec, Christoph J. and Moule, Adam J. and Ganapathysubramanian, Baskar},
	
	doi = {10.1002/aenm.201701269},
	
	issn = {16146832},
	
	journal = {Advanced Energy Materials},
	
	pages = {1701269},
	
	title = {{Nanoscale Morphology of Doctor Bladed versus Spin-Coated Organic Photovoltaic Films}},
	
	url = {http://doi.wiley.com/10.1002/aenm.201701269},
	
	volume = {1701269},
	
	year = {2017}
	
	}
	
	
	
	@article{Wodo2013,
	
	author = {Wodo, Olga and Roehling, John D. and Moul{\'{e}}, Adam J. and Ganapathysubramanian, Baskar},
	
	doi = {10.1039/c3ee41224e},
	
	file = {:Users/spfeife/Library/Application Support/Mendeley Desktop/Downloaded/Wodo et al. - 2013 - Quantifying organic solar cell morphology a computational study of three-dimensional maps.pdf:pdf},
	
	issn = {1754-5692},
	
	journal = {Energy {\&} Environmental Science},
	
	keywords = {WB},
	
	mendeley-tags = {WB},
	
	number = {10},
	
	pages = {3060},
	
	title = {{Quantifying organic solar cell morphology: a computational study of three-dimensional maps}},
	
	url = {http://xlink.rsc.org/?DOI=c3ee41224e},
	
	volume = {6},
	
	year = {2013}
	
	}
	
	
	
	@article{zhao2016vertical,
	
	title={Vertical phase separation in small molecule: polymer blend organic thin film transistors can be dynamically controlled},
	
	author={Zhao, Kui and Wodo, Olga and Ren, Dingding and Khan, Hadayat Ullah and Niazi, Muhammad Rizwan and Hu, Hanlin and Abdelsamie, Maged and Li, Ruipeng and Li, Er and Yu, Liyang and others},
	
	journal={Advanced Functional Materials},
	
	volume={26},
	
	number={11},
	
	pages={1737--1746},
	
	year={2016},
	
	publisher={Wiley Online Library}
	
	}
	
	
	
	@article{kodali2012computer_msmse,
	
	title={Computer simulation of heterogeneous polymer photovoltaic devices},
	
	author={Kodali, Hari K and Ganapathysubramanian, Baskar},
	
	journal={Modelling and Simulation in Materials Science and Engineering},
	
	volume={20},
	
	number={3},
	
	pages={035015},
	
	year={2012},
	
	publisher={IOP Publishing}
	
	}
	
	
	
	@article{kodali2012computational_cmame,
	
	title={A computational framework to investigate charge transport in heterogeneous organic photovoltaic devices},
	
	author={Kodali, Hari K and Ganapathysubramanian, Baskar},
	
	journal={Computer Methods in Applied Mechanics and Engineering},
	
	volume={247},
	
	pages={113--129},
	
	year={2012},
	
	publisher={Elsevier}
	
	}
	
	
	
	@article{pokuri2018toms,
	
	title={Parallel, Extensible Bayesian Optimization for High Performance Computing},
	
	author={Pokuri, Balaji Sesha Sarath and Lofquist, Alec and Ganapathysubramanian, Baskar},
	
	year={\noop{0001}In prep},
	
	journal={Transactions on Mathematical Software},
	
	publisher={Association for Computing Machinery}
	
	}
	
	
	
	@article{saylor2009modeling,
	
	title={Modeling microstructure development and release kinetics in controlled drug release coatings},
	
	author={Saylor, David M and Kim, Chang-Soo and Patwardhan, Dinesh V and Warren, James A},
	
	journal={Journal of pharmaceutical sciences},
	
	volume={98},
	
	number={1},
	
	pages={169--186},
	
	year={2009},
	
	publisher={Wiley Online Library}
	
	}09modeling,
	
	title={Modeling microstructure development and release kinetics in controlled drug release coatings},
	
	author={Saylor, David M and Kim, Chang-Soo and Patwardhan, Dinesh V and Warren, James A},
	
	journal={Journal of pharmaceutical sciences},
	
	volume={98},
	
	number={1},
	
	pages={169--186},
	
	year={2009},
	
	publisher={Wiley Online Library}
	
}

@article{ref1,
	title={EPA Green Buildings},
	author={U.S. Environmental Protection Agency},
	journal={http://www.epa.gov/oaintrnt/projects/},
	year={Cited September 2013}
}

@article{ref2,
	title={Why Buildings},
	author={United Nations Environment Program},
	journal={http://www.unep.org/sbci/AboutSBCI/Background.asp},
	year={Accessed April 15, 2014}
}

@article{ref3,
	title={Buildings Energy Data Book},
	author={U.S. Department of Energy},
	journal={http://buildingsdatabook.eren.doe.gov/},
	year={Cited March 2012}
}

@article{ref4,
	title={Feedforward model predictive control},
	author={Carrasco, Diego S and Goodwin, Graham C},
	journal={Annual Reviews in Control},
	volume={35},
	number={2},
	pages={199--206},
	year={2011},
	publisher={Elsevier}
}

@article{ref5,
	title={Demand reduction in building energy systems based on economic model predictive control},
	author={Ma, Jingran and Qin, Joe and Salsbury, Timothy and Xu, Peng},
	journal={Chemical Engineering Science},
	volume={67},
	number={1},
	pages={92--100},
	year={2012},
	publisher={Elsevier}
}

@article{ref6,
	title={Predictive control for energy efficient buildings with thermal storage: Modeling, stimulation, and experiments},
	author={Ma, Yudong and Kelman, Anthony and Daly, Allan and Borrelli, Francesco},
	journal={IEEE Control Systems},
	volume={32},
	number={1},
	pages={44--64},
	year={2012},
	publisher={IEEE}
}

@article{ref7,
	title={Model predictive control: past, present and future},
	author={Morari, Manfred and Lee, Jay H},
	journal={Computers \& Chemical Engineering},
	volume={23},
	number={4},
	pages={667--682},
	year={1999},
	publisher={Elsevier}
}

@article{ref8,
	title={Use of model predictive control and weather forecasts for energy efficient building climate control},
	author={Oldewurtel, Frauke and Parisio, Alessandra and Jones, Colin N and Gyalistras, Dimitrios and Gwerder, Markus and Stauch, Vanessa and Lehmann, Beat and Morari, Manfred},
	journal={Energy and Buildings},
	volume={45},
	pages={15--27},
	year={2012},
	publisher={Elsevier}
}

@article{ref9,
	title={Method for simulating predictive control of building systems operation in the early stages of building design},
	author={Petersen, Steffen and Svendsen, Svend},
	journal={Applied energy},
	volume={88},
	number={12},
	pages={4597--4606},
	year={2011},
	publisher={Elsevier}
}

@article{ref10,
	title={Building modeling as a crucial part for building predictive control},
	author={Privara, Samuel and Cigler, Ji{\v{r}}{\'\i} and V{\'a}{\v{n}}a, Zden{\v{e}}k and Oldewurtel, Frauke and Sagerschnig, Carina and {\v{Z}}{\'a}{\v{c}}ekov{\'a}, Eva},
	journal={Energy and Buildings},
	volume={56},
	pages={8--22},
	year={2013},
	publisher={Elsevier}
}

@article{ref11,
	title={Model predictive control of a building heating system: The first experience},
	author={Privara, Samuel and {\v{S}}irok{\`y}, Jan and Ferkl, Luk{\'a}{\v{s}} and Cigler, Ji{\v{r}}{\'\i}},
	journal={Energy and Buildings},
	volume={43},
	number={2},
	pages={564--572},
	year={2011},
	publisher={Elsevier}
}

@article{ref12,
	title={Linear programming and model predictive control},
	author={Rao, Christopher V and Rawlings, James B},
	journal={Journal of Process Control},
	volume={10},
	number={2},
	pages={283--289},
	year={2000},
	publisher={Elsevier}
}

@article{ref13,
	title={Predictive control methods to improve energy efficiency and reduce demand in buildings},
	author={Salsbury, Tim and Mhaskar, Prashant and Qin, S Joe},
	journal={Computers \& Chemical Engineering},
	volume={51},
	pages={77--85},
	year={2013},
	publisher={Elsevier}
}

@article{ref17,
	title={EnergyPlus Engineering reference},
	author={Ernest Orlando Lawrence Berkeley National Laboratory},
	journal={US Department of Energy (DoE)},
	year={1996}
}

@inproceedings{ref18,
	title={Multizone building model for thermal building simulation in modelica},
	author={Wetter, Michael},
	booktitle={Submitted to: Modelica conference 2006},
	year={2006}
}

@book{ref19,
	title={Natural ventilation in buildings: a design handbook},
	author={Santamouris, Matheos and Allard, Francis},
	year={1998},
	publisher={Earthscan}
}

@article{ref20,
	title={Application of computational fluid dynamics in building design: aspects and trends},
	author={Zhai, Zhiqiang},
	journal={Indoor and built environment},
	volume={15},
	number={4},
	pages={305--313},
	year={2006},
	publisher={Sage Publications Sage CA: Thousand Oaks, CA}
}

@book{Hughes_iso_book,
	title={Isogeometric analysis: toward integration of CAD and FEA},
	author={Cottrell, J Austin and Hughes, Thomas JR and Bazilevs, Yuri},
	year={2009},
	publisher={John Wiley \& Sons}
}

@article{oden2006revolutionizing,
	title={Revolutionizing engineering science through simulation},
	author={Oden, J Tinsley and Belytschko, Ted and Fish, Jacob and Hughes, TJ and Johnson, Chris and Keyes, David and Laub, Alan and Petzold, Linda and Srolovitz, David and Yip, S},
	journal={National Science Foundation Blue Ribbon Panel Report},
	volume={65},
	year={2006}
}

@article{fontanini2017contaminant,
	title={Contaminant transport at large Courant numbers using Markov matrices},
	author={Fontanini, Anthony D and Vaidya, Umesh and Passalacqua, Alberto and Ganapathysubramanian, Baskar},
	journal={Building and Environment},
	volume={112},
	pages={1--16},
	year={2017},
	publisher={Elsevier}
}

@article{fontanini2016methodology,
	title={A methodology for optimal placement of sensors in enclosed environments: A dynamical systems approach},
	author={Fontanini, Anthony D and Vaidya, Umesh and Ganapathysubramanian, Baskar},
	journal={Building and Environment},
	volume={100},
	pages={145--161},
	year={2016},
	publisher={Elsevier}
}

@article{kodali2012computer,
	title={Computer simulation of heterogeneous polymer photovoltaic devices},
	author={Kodali, Hari K and Ganapathysubramanian, Baskar},
	journal={Modelling and Simulation in Materials Science and Engineering},
	volume={20},
	number={3},
	pages={035015},
	year={2012},
	publisher={IOP Publishing}
}

@article{kodali2012computational,
	title={A computational framework to investigate charge transport in heterogeneous organic photovoltaic devices},
	author={Kodali, Hari K and Ganapathysubramanian, Baskar},
	journal={Computer Methods in Applied Mechanics and Engineering},
	volume={247},
	pages={113--129},
	year={2012},
	publisher={Elsevier}
}
@article{wodo2015automated,
	title={Automated, high throughput exploration of process--structure--property relationships using the mapreduce paradigm},
	author={Wodo, Olga and Zola, Jaroslaw and Pokuri, Balaji Sesha Sarath and Du, Pengfei and Ganapathysubramanian, Baskar},
	journal={Materials Discovery},
	volume={1},
	pages={21--28},
	year={2015},
	publisher={Elsevier}
}


@article{slotnick2014cfd,
	title={CFD vision 2030 study: a path to revolutionary computational aerosciences},
	author={Slotnick, Jeffrey and Khodadoust, Abdollah and Alonso, Juan and Darmofal, David and Gropp, William and Lurie, Elizabeth and Mavriplis, Dimitri},
	year={2014}
}

@phdthesis{fontanini2016analyzing,
	title={Analyzing the characteristics of contaminant transport using the Perron-Frobenius operator in indoor building environments},
	author={Fontanini, Anthony D},
	year={2016},
	school={Iowa State University}
}

% Encoding: UTF-8
 
@article{gupta2011theory,
  title={Theory and use of the EM algorithm},
  author={Gupta, Maya R and Chen, Yihua and others},
  journal={Foundations and Trends{\textregistered} in Signal Processing},
  volume={4},
  number={3},
  pages={223--296},
  year={2011},
  publisher={Now Publishers, Inc.}
}

@article{garg1996approximate,
  title={Approximate max-flow min-(multi) cut theorems and their applications},
  author={Garg, Naveen and Vazirani, Vijay V and Yannakakis, Mihalis},
  journal={SIAM Journal on Computing},
  volume={25},
  number={2},
  pages={235--251},
  year={1996},
  publisher={SIAM}
}

@book{bishop2006pattern,
  title={Pattern recognition and machine learning},
  author={Bishop, Christopher M},
  year={2006},
  publisher={springer}
}

@inproceedings{lempitsky2008image,
  title={Image segmentation by branch-and-mincut},
  author={Lempitsky, Victor and Blake, Andrew and Rother, Carsten},
  booktitle={European Conference on Computer Vision},
  pages={15--29},
  year={2008},
  organization={Springer}
}

@inproceedings{vicente2009joint,
  title={Joint optimization of segmentation and appearance models},
  author={Vicente, Sara and Kolmogorov, Vladimir and Rother, Carsten},
  booktitle={Computer Vision, 2009 IEEE 12th International Conference on},
  pages={755--762},
  year={2009},
  organization={IEEE}
}

@misc{nesap,
  author = {National Energy Research Scientific Computing Center},
  title = {NESAP projects},
  howpublished = "\url{https://www.nersc.gov/users/computational-systems/cori/nesap/nesap-projects/}",
  year = {2017}, 
  note = "[Online; accessed 19-July-2017]"
}

@misc{gpuDirect,
author = {Rossetti, Davide},
title = {Benchmarking GPUDirect RDMA on Modern Server Platforms},
howpublished = {\url{https://devblogs.nvidia.com/parallelforall/benchmarking-gpudirect-rdma-on-modern-server-platforms/}},
year = {2014},
note = {Online: accessed 19-July-2017},  
}

@article{BADER2005994,
title = "A fast, parallel spanning tree algorithm for symmetric multiprocessors (SMPs)",
journal = "Journal of Parallel and Distributed Computing",
volume = "65",
number = "9",
pages = "994 - 1006",
year = "2005",
note = "",
issn = "0743-7315",
doi = "http://dx.doi.org/10.1016/j.jpdc.2005.03.011",
url = "http://www.sciencedirect.com/science/article/pii/S0743731505000882",
author = "David A. Bader and Guojing Cong",
keywords = "Parallel graph algorithms",
keywords = "Connectivity",
keywords = "Shared memory",
keywords = "High-performance algorithm engineering"
}

@inproceedings{Ufimtsev14,
 author = {Ufimtsev, Vladimir and Bhowmick, Sanjukta},
 title = {An Extremely Fast Algorithm for Identifying High Closeness Centrality Vertices in Large-scale Networks},
 booktitle = {Proceedings of the 4th Workshop on Irregular Applications: Architectures and Algorithms},
 series = {IA3 '14},
 year = {2014},
 isbn = {978-1-4799-7056-8},
 location = {New Orleans, Louisiana},
 pages = {53--56},
 numpages = {4},
 url = {http://dx.doi.org/10.1109/IA3.2014.12},
 doi = {10.1109/IA3.2014.12},
 acmid = {2688291},
 publisher = {IEEE Press},
 address = {Piscataway, NJ, USA},
} 

@inproceedings{lee2010topology,
  title={Topology-aware resource allocation for data-intensive workloads},
  author={Lee, Gunho and Tolia, Niraj and Ranganathan, Parthasarathy and Katz, Randy H},
  booktitle={Proceedings of the first ACM asia-pacific workshop on Workshop on systems},
  pages={1--6},
  year={2010},
  organization={ACM}
}

@inproceedings{FernandoDuplyakinSundar17,
 author = {Fernando, Milinda and Duplyakin, Dmitry and Sundar, Hari},
 title = {Machine and Application Aware Partitioning for Adaptive Mesh Refinement Applications},
 booktitle = {Proceedings of the 26th International Symposium on High-Performance Parallel and Distributed Computing},
 series = {HPDC '17},
 year = {2017},
 isbn = {978-1-4503-4699-3},
 location = {Washington, DC, USA},
 pages = {231--242},
 numpages = {12},
 url = {http://doi.acm.org/10.1145/3078597.3078610},
 doi = {10.1145/3078597.3078610},
 acmid = {3078610},
 publisher = {ACM},
 address = {New York, NY, USA},
 keywords = {AMR, FEM, communication minimizing algorithms, domain decomposition, energy efficient computing},
} 

@inproceedings{FernandoJayasenaEtAl17,
  author = {Fernando, Isuru amd Jayasena, Sanath and Fernando, Milinda and Sundar, Hari},
  title = {A Scalable Hierarchical Semi-Separable Library for Heterogeneous Clusters},
  booktitle = {Proceedings of the 46th International Conference on Parallel Processing},
  series = {ICPP'17},
  year = {2017}
}


@article{freeman77,
  title={A set of measures of centrality based on betweenness},
  author={Freeman, Linton C},
  journal={Sociometry},
  pages={35--41},
  year={1977},
  publisher={JSTOR}
}

@inproceedings{hendrickson97,
  title={Skewed Graph Partitioning.},
  author={Hendrickson, Bruce and Leland, Robert W and Van Driessche, Rafael},
  booktitle={PPSC},
  year={1997}
}

@inproceedings{Pellegrini94,
  title={Static mapping by dual recursive bipartitioning of process architecture graphs},
  author={Pellegrini, Fran{\c{c}}ois},
  booktitle={Scalable High-Performance Computing Conference, 1994., Proceedings of the},
  pages={486--493},
  year={1994},
  organization={IEEE}
}


@inproceedings{karypis98,
  title={Multilevel algorithms for multi-constraint graph partitioning},
  author={Karypis, George and Kumar, Vipin},
  booktitle={Proceedings of the 1998 ACM/IEEE conference on Supercomputing},
  pages={1--13},
  year={1998},
  organization={IEEE Computer Society}
}


@inproceedings{Beamer12,
 author = {Beamer, Scott and Asanovi\'{c}, Krste and Patterson, David},
 title = {Direction-optimizing Breadth-first Search},
 booktitle = {Proceedings of the International Conference on High Performance Computing, Networking, Storage and Analysis},
 series = {SC '12},
 year = {2012},
 isbn = {978-1-4673-0804-5},
 location = {Salt Lake City, Utah},
 pages = {12:1--12:10},
 articleno = {12},
 numpages = {10},
 url = {http://dl.acm.org/citation.cfm?id=2388996.2389013},
 acmid = {2389013},
 publisher = {IEEE Computer Society Press},
 address = {Los Alamitos, CA, USA},
} 

@book{mpi,
  title={Using MPI-2: Advanced features of the message-passing interface},
  author={Gropp, William and Lusk, Ewing and Thakur, Rajeev},
  year={1999},
  publisher={MIT press}
}

@article{openmp,
  title={OpenMP: an industry standard API for shared-memory programming},
  author={Dagum, Leonardo and Enon, Rameshm},
  journal={Computational Science \& Engineering, IEEE},
  volume={5},
  number={1},
  pages={46--55},
  year={1998},
  publisher={IEEE}
}

@article{opencl,
  title={OpenCL: A parallel programming standard for heterogeneous computing systems},
  author={Stone, John E and Gohara, David and Shi, Guochun},
  journal={Computing in science \& engineering},
  volume={12},
  number={1-3},
  pages={66--73},
  year={2010},
  publisher={Institute of Electrical and Electronics Engineers, Inc.,| y USA United States}
}

@article{Chan12,
year={2012},
issn={1386-7857},
journal={Cluster Computing},
volume={15},
number={3},
doi={10.1007/s10586-012-0229-4},
title={The impact of heterogeneous multi-core clusters on graph partitioning: an empirical study},
url={http://dx.doi.org/10.1007/s10586-012-0229-4},
publisher={Springer US},
keywords={Multi-core; Empirical evaluation; Graph partitioning; Unstructured mesh; Parallel computing},
author={Chan, SiewYin and Ling, TeckChaw and Aubanel, Eric},
pages={281-302},
language={English},
}

@incollection{pinar1996,
  title={Decomposing linear programs for parallel solution},
  author={Pinar, Ali and {\c{C}}ataly{\"u}rek, {\"U}mit V and Aykanat, Cevdet and Pinar, Mustafa},
  booktitle={Applied Parallel Computing Computations in Physics, Chemistry and Engineering Science},
  pages={473--482},
  year={1996},
  publisher={Springer}
}


@article{catalyurek1999,
  title={Hypergraph-partitioning-based decomposition for parallel sparse-matrix vector multiplication},
  author={Catalyurek, Umit V and Aykanat, Cevdet},
  journal={Parallel and Distributed Systems, IEEE Transactions on},
  volume={10},
  number={7},
  pages={673--693},
  year={1999},
  publisher={IEEE}
}


@article{hendrickson2000,
  title={Partitioning rectangular and structurally unsymmetric sparse matrices for parallel processing},
  author={Hendrickson, Bruce and Kolda, Tamara G},
  journal={SIAM Journal on Scientific Computing},
  volume={21},
  number={6},
  pages={2048--2072},
  year={2000},
  publisher={SIAM}
}


@techreport{chaco,
  title={The Chaco user’s guide: Version 2.0},
  author={Hendrickson, Bruce and Leland, Robert},
  year={1995},
  institution={Technical Report SAND95-2344, Sandia National Laboratories}
}


@article{metis,
  title={Metis-unstructured graph partitioning and sparse matrix ordering system, version 2.0},
  author={Karypis, George and Kumar, Vipin},
  year={1995}
}


@article{Devine05,
title = {New challenges in dynamic load balancing},
journal = {Applied Numerical Mathematics},
volume = {52},
number = {2–3},
pages = {133-152},
year = {2005},
note = {\{ADAPT\} '03: Conference on Adaptive Methods for Partial Differential Equations and Large-Scale Computation},
issn = {0168-9274},
doi = {http://dx.doi.org/10.1016/j.apnum.2004.08.028},
url = {http://www.sciencedirect.com/science/article/pii/S0168927404001631},
author = {Karen D. Devine and Erik G. Boman and Robert T. Heaphy and Bruce A. Hendrickson and James D. Teresco and Jamal Faik and Joseph E. Flaherty and Luis G. Gervasio},
}

@article{hendrickson00,
  title={Graph partitioning models for parallel computing},
  author={Hendrickson, Bruce and Kolda, Tamara G},
  journal={Parallel computing},
  volume={26},
  number={12},
  pages={1519--1534},
  year={2000},
  publisher={Elsevier},
  url={http://www.sandia.gov/~tgkolda/pubs/pubfiles/Parallel-Computing-2000.pdf}
}

@inproceedings{Benson15,
  title = {Tensor Spectral Clustering for Partitioning Higher-order Network Structures},
  author = {Austin Benson and David F. Gleich and Jure Leskovec},
  booktitle = {Proceedings of the 2015 SIAM International Conference on Data Mining},
  year = {2015},
  pages = {118-126},
  doi = {10.1137/1.9781611974010.14},
  file = {:Benson 2015 - tensor-sc.pdf},
  location = {Vancouver, BC},
  mynote = {Acceptance rate 22\%},
  owner = {dgleich},
  timestamp = {2015.01.19}
}
@inproceedings{Benson-2014-tsnmf,
  title = {Scalable methods for nonnegative matrix factorizations of near-separable tall-and-skinny matrices},
  author = {Austin R. Benson and Jason D. Lee and Bartek Rajwa and David F. Gleich},
  booktitle = {Proceedings of Neural Information Processing Systems},
  year = {2014},
  note = {Selected for Spotlight Presentation.},
  pages = {945--953},
  journal = {arXiv},
  mynote = {Acceptance rate for spotlight 3.6\% of 1678 submissions. Includes all software.},
  owner = {David F. Gleich},
  timestamp = {2014.02.23},
  url = {http://arxiv.org/abs/1402.6964}
}

@article{Bonato14,
  title = {Dimensionality of Social Networks Using Motifs and Eigenvalues},
  author = {Anthony Bonato and David F. Gleich and Myunghwan Kim and Dieter Mitsche and {Pawe\l} {Pra\l{}at} and Amanda Tian and Stephen J. Young},
  journal = {PLoS ONE},
  pages = {e106052},
  volume = {9},
  year = {2014},
  month = {September},
  number = {9},
  abstract = {
We consider the dimensionality of social networks, and develop experiments aimed at predicting that dimension. We find that a social network model with nodes and links sampled from an m-dimensional metric space with power-law distributed influence regions best fits samples from real-world networks when m scales logarithmically with the number of nodes of the network. This supports a logarithmic dimension hypothesis, and we provide evidence with two different social networks, Facebook and LinkedIn. Further, we employ two different methods for confirming the hypothesis: the first uses the distribution of motif counts, and the second exploits the eigenvalue distribution.

},
  doi = {10.1371/journal.pone.0106052},
  file = {:Bonato 2014 - dimensionality.pdf},
  howpublished = {Submitted.},
  keywords = {self},
  owner = {dgleich},
  publisher = {Public Library of Science},
  timestamp = {2014.02.13}
}


@article{gleich15,
author = {David F. Gleich},
title = {PageRank Beyond the Web},
journal = {SIAM Review},
volume = {57},
number = {3},
pages = {321-363},
year = {2015},
doi = {10.1137/140976649},

URL = { 
        http://dx.doi.org/10.1137/140976649
    
},
eprint = { 
        http://dx.doi.org/10.1137/140976649
    
}

}

@article{aladaug13,
  title={SPINAL: scalable protein interaction network alignment},
  author={Alada{\u{g}}, Ahmet E and Erten, Cesim},
  journal={Bioinformatics},
  volume={29},
  number={7},
  pages={917--924},
  year={2013},
  publisher={Oxford Univ Press}
}

@article{singh08,
  title={Global alignment of multiple protein interaction networks with application to functional orthology detection},
  author={Singh, Rohit and Xu, Jinbo and Berger, Bonnie},
  journal={Proceedings of the National Academy of Sciences},
  volume={105},
  number={35},
  pages={12763--12768},
  year={2008},
  publisher={National Acad Sciences}
}

@article{Girvan02,
author = {Girvan, M. and Newman, M. E. J.}, 
title = {Community structure in social and biological networks},
volume = {99}, 
number = {12}, 
pages = {7821-7826}, 
year = {2002}, 
doi = {10.1073/pnas.122653799}, 
abstract ={A number of recent studies have focused on the statistical properties of networked systems such as social networks and the Worldwide Web. Researchers have concentrated particularly on a few properties that seem to be common to many networks: the small-world property, power-law degree distributions, and network transitivity. In this article, we highlight another property that is found in many networks, the property of community structure, in which network nodes are joined together in tightly knit groups, between which there are only looser connections. We propose a method for detecting such communities, built around the idea of using centrality indices to find community boundaries. We test our method on computer-generated and real-world graphs whose community structure is already known and find that the method detects this known structure with high sensitivity and reliability. We also apply the method to two networks whose community structure is not well known—a collaboration network and a food web—and find that it detects significant and informative community divisions in both cases.}, 
URL = {http://www.pnas.org/content/99/12/7821.abstract}, 
eprint = {http://www.pnas.org/content/99/12/7821.full.pdf}, 
journal = {Proceedings of the National Academy of Sciences} 
}

@Misc{SampathSundarAdavaniEtAl08,
  Title                    = {{\tt Dendro} home page},

  Author                   = {Rahul Sampath and Hari Sundar and Santi~S. Adavani and Ilya Lashuk and George Biros},
  Note                     = {http://www.seas.upenn.edu/csela/dendro},
  Year                     = {2008},

  Owner                    = {ccgo},
  Timestamp                = {2012.05.04}
}


@Article{BursteddeBurtscherGhattasEtAl09,
  Title                    = {{ALPS}: A framework for parallel adaptive {PDE} solution},
  Author                   = {Burstedde, Carsten and Burtscher, Martin and Ghattas, Omar and Stadler, Georg and Tu, Tiankai and Wilcox, Lucas C.},
  Journal                  = {Journal of Physics: Conference Series},
  Year                     = {2009},
  Pages                    = {012009},
  Volume                   = {180},

  Booktitle                = {Journal of Physics: Conference Series},
  Doi                      = {10.1088/1742-6596/180/1/012009},
  File                     = {BursteddeBurtscherGhattasEtAl09.pdf:BursteddeBurtscherGhattasEtAl09.pdf:PDF},
  Organization             = {Institute of Physics Publishing}
}

@Article{BursteddeWilcoxGhattas11,
  Title                    = {{\texttt{p4est}}: Scalable Algorithms for Parallel Adaptive Mesh Refinement on Forests of Octrees},
  Author                   = {Carsten Burstedde and Lucas C. Wilcox and Omar Ghattas},
  Journal                  = {SIAM Journal on Scientific Computing},
  Year                     = {2011},
  Number                   = {3},
  Pages                    = {1103-1133},
  Volume                   = {33},

  Doi                      = {10.1137/100791634},
  File                     = {BursteddeWilcoxGhattas11.pdf:BursteddeWilcoxGhattas11.pdf:PDF},
  Owner                    = {ccgo},
  Timestamp                = {2010.01.15}
}


@Article{SundarSampathBiros08,
  Title                    = {Bottom-up construction and 2:1 balance refinement of linear octrees in parallel},
  Author                   = {Hari Sundar and Rahul Sampath and George Biros},
  Journal                  = {SIAM Journal on Scientific Computing},
  Year                     = {2008},
  Number                   = {5},
  Pages                    = {2675-2708},
  Volume                   = {30},

  Abstract                 = {In this article, we propose new parallel algorithms for the construction and 2:1 balance refinement of large linear octrees on distributed memory machines. Such octrees are used in many problems in computational science and engineering, e.g., object representation, image analysis, unstructured meshing, finite elements, adaptive mesh refinement, and N-body simulations. Fixed-size scalability and isogranular analysis of the algorithms using an MPI-based parallel implementation was performed on a variety of input data and demonstrated good scalability for different processor counts (1 to 1024 processors) on the Pittsburgh Supercomputing Center's TCS-1 AlphaServer. The results are consistent for different data distributions. Octrees with over a billion octants were constructed and balanced in less than a minute on 1024 processors. Like other existing algorithms for constructing and balancing octrees, our algorithms have $\mathcal{O}(N\log N)$ work and $\mathcal{O}(N)$ storage complexity. Under reasonable assumptions on the distribution of octants and the work per octant, the parallel time complexity is $\mathcal{O}(\frac{N}{n_p}\log(\frac{N}{n_p})+n_p\log n_p)$, where N is the size of the final linear octree and $n_p$ is the number of processors.},
  Doi                      = {10.1137/070681727},
  File                     = {SundarSampathBiros08.pdf:SundarSampathBiros08.pdf:PDF},
  Keywords                 = {linear octrees, balance refinement, Morton encoding, large scale parallel computing, space filling curves},
  Owner                    = {ccgo},
  Timestamp                = {2008.02.26}
}

@InProceedings{SundarSampathAdavaniEtAl07,
  Title                    = {Low-constant Parallel Algorithms for Finite Element Simulations using Linear Octrees},
  Author                   = {Hari Sundar and Rahul S. Sampath and Santi S. Adavani and Christos Davatzikos and George Biros},
  Booktitle                = {SC'07: Proceedings of the International Conference for High Performance Computing, Networking, Storage, and Analysis},
  Year                     = {2007},
  Publisher                = {ACM/IEEE},

  File                     = {SundarSampathAdavaniEtAl07.pdf:SundarSampathAdavaniEtAl07.pdf:PDF}
}

@InProceedings{AhimianLashukVeerapaneniEtAl10,
  Title                    = {Petascale direct numerical simulation of blood flow on 200K cores and heterogeneous architectures},
  Author                   = {Ahimian, A. and Lashuk, I. and Veerapaneni, S.K. and Aparna, C. and Malhotra, D. and Moon, I. and Sampath, R. and Shringarpure, A. and Vetter, J. and Vuduc, R. and Zorin, D. and Biros, G.},
  Booktitle                = {SC10: Proceedings of the International Conference for High Performance Computing, Networking, Storage, and Analysis},
  Year                     = {2010},
  Note                     = {(Gordon Bell Prize)},
  Publisher                = {ACM/IEEE},

  File                     = {:AhimianLashukVeerapaneniEtAl10.pdf:PDF},
  Owner                    = {ccgo},
  Timestamp                = {2011.02.18}
}


@inproceedings{SundarGhattas15,
	author = {Sundar, Hari and Ghattas, Omar},
	title = {A Nested Partitioning Algorithm for Adaptive Meshes on Heterogeneous Clusters},
	booktitle = {Proceedings of the 29th ACM on International Conference on Supercomputing},
	series = {ICS '15},
	year = {2015},
	isbn = {978-1-4503-3559-1},
	location = {Newport Beach, California, USA},
	pages = {319--328},
	numpages = {10},
	url = {http://doi.acm.org/10.1145/2751205.2751246},
	doi = {10.1145/2751205.2751246},
	acmid = {2751246},
	publisher = {ACM},
	address = {New York, NY, USA},
	keywords = {accelerator, heterogeneous, hybrid parallelism, mic, offload, partitioning, pde, wave equation},
} 

@INPROCEEDINGS{SundarMalhotraSchulz13,
	author={Sundar, Hari and Malhotra, Dhairya and Schulz, K.W.},
	booktitle={High Performance Computing, Networking, Storage and Analysis (SC), 2013 International Conference for},
	title={Algorithms for high-throughput disk-to-disk sorting},
	year={2013},
	pages={1-10},
	keywords={parallel algorithms;parallel memories;sorting;5TB;IO latency;asynchronous data transfer mechanisms;canonical sortBenchmark;general-purpose sorter;high-throughput disk-to-disk sorting;in-RAM sort;large sort problem;latency hiding;modern supercomputers;out-of-core sort algorithm;production HPC resource running Lustre;Abstracts;Algorithm design and analysis;Computer architecture;Radio access networks;Out-of-Core Algorithms;Parallel Algorithms;Sorting;asynchronous methods;distributed-memory parallelism;hypercube;quicksort;samplesort;shared-memory parallelism},
	doi={10.1145/2503210.2503259},
	month={Nov},
	}
	
@inproceedings{SundarMalhotraBiros13,
	author = {Sundar, Hari and Malhotra, Dhairya and Biros, George},
	title = {HykSort: A New Variant of Hypercube Quicksort on Distributed Memory Architectures},
	booktitle = {Proceedings of the 27th International ACM Conference on International Conference on Supercomputing},
	series = {ICS '13},
	year = {2013},
	isbn = {978-1-4503-2130-3},
	location = {Eugene, Oregon, USA},
	pages = {293--302},
	numpages = {10},
	url = {http://doi.acm.org/10.1145/2464996.2465442},
	doi = {10.1145/2464996.2465442},
	acmid = {2465442},
	publisher = {ACM},
	address = {New York, NY, USA},
	keywords = {bitonic sort, distributed-memory parallelism, hypercube, parallel algorithms, quicksort, samplesort, shared-memory parallelism, sorting},
} 

@inproceedings{SampathSundarVeerapaneni10,
  title={Parallel fast Gauss transform},
  author={Sampath, Rahul S and Sundar, Hari and Veerapaneni, Shravan K},
  booktitle={Proceedings of the 2010 ACM/IEEE International Conference for High Performance Computing, Networking, Storage and Analysis},
  pages={1--10},
  year={2010},
  organization={IEEE Computer Society}
}

@InProceedings{SampathAdavaniSundarEtAl08,
  Title                    = {\texttt{Dendro}: Parallel algorithms for multigrid and {AMR} methods on 2:1 balanced octrees},
  Author                   = {Rahul~S. Sampath and Santi~S. Adavani and Hari Sundar and Ilya Lashuk and George Biros},
  Booktitle                = {SC'08: Proceedings of the International Conference for High Performance Computing, Networking, Storage, and Analysis},
  Year                     = {2008},
  Publisher                = {ACM/IEEE},

  File                     = {SampathAdavaniSundarEtAl08.pdf:SampathAdavaniSundarEtAl08.pdf:PDF},
  Owner                    = {ccgo},
  Timestamp                = {2008.07.15}
}


@inproceedings{SundarBirosBurstedde12,
	author = {Sundar, Hari and Biros, George and Burstedde, Carsten and Rudi, Johann and Ghattas, Omar and Stadler, Georg},
	title = {Parallel Geometric-algebraic Multigrid on Unstructured Forests of Octrees},
	booktitle = {Proceedings of the International Conference on High Performance Computing, Networking, Storage and Analysis},
	series = {SC '12},
	year = {2012},
	isbn = {978-1-4673-0804-5},
	location = {Salt Lake City, Utah},
	pages = {43:1--43:11},
	articleno = {43},
	numpages = {11},
	url = {http://dl.acm.org/citation.cfm?id=2388996.2389055},
	acmid = {2389055},
	publisher = {IEEE Computer Society Press},
	address = {Los Alamitos, CA, USA},
}

@ARTICLE{WilcoxStadlerBursteddeEtAl10,
  author = {Wilcox, Lucas C. and Stadler, Georg and Burstedde, Carsten and Ghattas,
	Omar},
  title = {A High-Order Discontinuous {G}alerkin Method for Wave Propagation
	through Coupled Elastic-Acoustic Media},
  journal = {Journal of Computational Physics},
  year = {2010},
  volume = {229},
  pages = {9373-9396},
  number = {24},
  file = {WilcoxStadlerBursteddeEtAl10.pdf:WilcoxStadlerBursteddeEtAl10.pdf:PDF},
  owner = {ccgo},
  timestamp = {2009.11.09}
}

@TechReport{GeeSiefertHuEtAl06,
  Title                    = {{ML} 5.0 Smoothed Aggregation User's Guide},
  Author                   = {Michael W. Gee and Christopher M. Siefert and Jonathan J. Hu and Ray S. Tuminaro and Marzion G. Sala},
  Institution              = {Sandia National Laboratories},
  Year                     = {2006},
  Number                   = {SAND2006-2649}
}

@Misc{scirun,
  author =    "SCI Institute",
  year =      "2015",
  note =      "SCIRun: A Scientific Computing Problem Solving Environment, Scientific Computing and Imaging Institute (SCI), Download from: \url{http://www.scirun.org}",
  keywords =  "SCIRun, CIBC",
}

@misc{nsci,
  author = "Barack Obama",
  year = "2015",
  note = "Executive Order -- Creating a National Strategic Computing Initiative, \url{https://obamawhitehouse.archives.gov/the-press-office/2015/07/29/executive-order-creating-national-strategic-computing-initiative}"
  
}

@misc{mclaren,
  author = {Sherwin Spencer},
  year = {2005},
  note = {Bluff bodies and Vortex Flows, \url{http://www.sherwinlab.info/}}
}

@inproceedings{mantle,
 author = {Rudi, Johann and Malossi, A. Cristiano I. and Isaac, Tobin and Stadler, Georg and Gurnis, Michael and Staar, Peter W. J. and Ineichen, Yves and Bekas, Costas and Curioni, Alessandro and Ghattas, Omar},
 title = {An Extreme-scale Implicit Solver for Complex PDEs: Highly Heterogeneous Flow in Earth's Mantle},
 booktitle = {Proceedings of the International Conference for High Performance Computing, Networking, Storage and Analysis},
 series = {SC '15},
 year = {2015},
 isbn = {978-1-4503-3723-6},
 location = {Austin, Texas},
 pages = {5:1--5:12},
 articleno = {5},
 numpages = {12},
 url = {http://doi.acm.org/10.1145/2807591.2807675},
 doi = {10.1145/2807591.2807675},
 acmid = {2807675},
 publisher = {ACM},
 address = {New York, NY, USA},
} 

@article{ice,
  author = {Tobin Isaac and Georg Stadler and Omar Ghattas},
  title = {Solution of Nonlinear Stokes Equations Discretized By High-Order Finite Elements on Nonconforming and Anisotropic Meshes, with Application to Ice Sheet Dynamics},
  journal = {SIAM Journal on Scientific Computing},
  volume = {37},
  number = {6},
  pages = {B804-B833},
  year = {2015},
  doi = {10.1137/140974407},
  URL = { http://dx.doi.org/10.1137/140974407 },
  eprint = { http://dx.doi.org/10.1137/140974407 } 
}

@incollection{jostle,
 author = "C. Walshaw and M. Cross",
 title = "{JOSTLE: Parallel Multilevel Graph-Partitioning Software -- An Overview}",
 booktitle = "{Mesh Partitioning Techniques and Domain Decomposition Techniques}",
 editor = "F. Magoules",
 publisher = "Civil-Comp Ltd.",
 isbn = "978-1-874672-29-6",
 pages = "27-58",
 note = "(Invited chapter)",
 year = 2007
}

@article{scotch,
  title={PT-Scotch: A tool for efficient parallel graph ordering},
  author={Chevalier, C{\'e}dric and Pellegrini, Fran{\c{c}}ois},
  journal={Parallel computing},
  volume={34},
  number={6},
  pages={318--331},
  year={2008},
  publisher={Elsevier}
}

@article{parmetis,
  title={Parmetis},
  author={Karypis, George and Schloegel, Kirk and Kumar, Vipin},
  journal={Parallel graph partitioning and sparse matrix ordering library. Version},
  volume={2},
  year={2003}
}

@INPROCEEDINGS{zoltan,
 AUTHOR = "U.V. Catalyurek and E.G. Boman and K.D. Devine and D. Bozdag and R.T.
          Heaphy and L.A. Riesen",
 TITLE = "Hypergraph-based Dynamic Load Balancing for Adaptive Scientific 
	  Computations",
 BOOKTITLE = "Proc. of 21st International Parallel and Distributed Processing 
              Symposium (IPDPS'07)",
 PUBLISHER = "IEEE",
 YEAR = "2007",
 NOTE = "Best Algorithms Paper Award.",
 NOTE = "Also available as Sandia National Labs Tech Report SAND2006-6450C."
}
@misc{summit,
  author={Oak Ridge Leadership Computing Facility, Oak Ridge National Laboratory},
  title={Summit Supercomputer},
  howpublished = {\url{https://www.olcf.ornl.gov/summit/}},
  note = {Accessed: 2015-11-19}
}

@misc{aurora,
  author={Argonne Leadership Computing Facility, Argonne National Laboratory},
  title={Aurora Supercomputer},
  howpublished = {\url{http://aurora.alcf.anl.gov/}},
  note = {Accessed: 2015-11-19}
}

@Misc{stampede2,
  author       = {Texas Advanced Computing Center},
  title        = {Stampede-2 Supercomputer},
  howpublished = {\url{https://www.tacc.utexas.edu/-/stampede-2-drives-the-frontiers-of-science-and-engineering-forward}},
  note         = {Accessed: 2016-06-20},
}

@InProceedings{hwloc,
  author    = {Broquedis, Fran{\c{c}}ois and Clet-Ortega, J{\'e}r{\^o}me and Moreaud, St{\'e}phanie and Furmento, Nathalie and Goglin, Brice and Mercier, Guillaume and Thibault, Samuel and Namyst, Raymond},
  title     = {hwloc: A generic framework for managing hardware affinities in hpc applications},
  booktitle = {PDP 2010-The 18th Euromicro International Conference on Parallel, Distributed and Network-Based Computing},
  year      = {2010},
}

@InProceedings{hwloc2,
  author       = {Goglin, Brice},
  title        = {Managing the topology of heterogeneous cluster nodes with hardware locality (hwloc)},
  booktitle    = {High Performance Computing \& Simulation (HPCS), 2014 International Conference on},
  year         = {2014},
  pages        = {74--81},
  organization = {IEEE},
}

@InProceedings{netloc,
  author       = {Goglin, Brice and Hursey, Joshua and Squyres, Jeffrey M},
  title        = {netloc: Towards a Comprehensive View of the HPC System Topology},
  booktitle    = {2014 43rd International Conference on Parallel Processing Workshops},
  year         = {2014},
  pages        = {216--225},
  organization = {IEEE},
}

@InProceedings{KNL,
  author    = {Sodani, Avinash and Architect, KNL Chief and Engineer, Senior Principal},
  title     = {Knights landing (knl): 2nd generation intel xeon phi processor},
  booktitle = {Hot Chips},
  year      = {2015},
  volume    = {27},
}

@Unpublished{FernandoSundar16,
  author = {Milinda Fernando and Hari Sundar},
  title  = {Fast Algorithms for Distributed Ordering and Partitioning using Hilbert Curves},
  note   = {in preparation},
  year   = {2016},
}

@InProceedings{dragonfly,
  author       = {Kim, John and Dally, Wiliam J and Scott, Steve and Abts, Dennis},
  title        = {Technology-driven, highly-scalable dragonfly topology},
  booktitle    = {ACM SIGARCH Computer Architecture News},
  year         = {2008},
  volume       = {36},
  number       = {3},
  pages        = {77--88},
  organization = {IEEE Computer Society},
}

@Article{myrinet,
  author  = {Felderman, Robert E and Kulawik, Alan E and Seitz, Charles L and Seizovic, J and Su, Wen-King and others},
  title   = {Myrinet: A gigabit-per-second local area network},
  journal = {IEEE micro},
  year    = {1995},
  number  = {February},
  pages   = {29--36},
}

@InProceedings{edr,
  author       = {Grabherr, Martin and Intemann, Steffan and Wabra, Stefan and Gerlach, Philipp and Riedl, Michael and King, Roger},
  title        = {25 Gbps and beyond: VCSEL development at Philips},
  booktitle    = {SPIE OPTO},
  year         = {2013},
  pages        = {86390J--86390J},
  organization = {International Society for Optics and Photonics},
}

@InProceedings{fattree,
  author       = {Al-Fares, Mohammad and Loukissas, Alexander and Vahdat, Amin},
  title        = {A scalable, commodity data center network architecture},
  booktitle    = {ACM SIGCOMM Computer Communication Review},
  year         = {2008},
  volume       = {38},
  number       = {4},
  pages        = {63--74},
  organization = {ACM},
}

@InProceedings{ma2012hierknem,
  author       = {Ma, Teng and Bosilca, George and Bouteiller, Aurelien and Dongarra, Jack},
  title        = {HierKNEM: an adaptive framework for kernel-assisted and topology-aware collective communications on many-core clusters},
  booktitle    = {Parallel \& Distributed Processing Symposium (IPDPS), 2012 IEEE 26th International},
  year         = {2012},
  pages        = {970--982},
  organization = {IEEE},
}

@Article{jeannot2014,
  author    = {Jeannot, Emmanuel and Mercier, Guillaume and Tessier, Fran{\c{c}}ois},
  title     = {Process placement in multicore clusters: Algorithmic issues and practical techniques},
  journal   = {IEEE Transactions on Parallel and Distributed Systems},
  year      = {2014},
  volume    = {25},
  number    = {4},
  pages     = {993--1002},
  publisher = {IEEE},
}

@InProceedings{mercier2009,
  author       = {Mercier, Guillaume and Clet-Ortega, J{\'e}r{\^o}me},
  title        = {Towards an efficient process placement policy for mpi applications in multicore environments},
  booktitle    = {European Parallel Virtual Machine/Message Passing Interface Users’ Group Meeting},
  year         = {2009},
  pages        = {104--115},
  organization = {Springer},
}

@Misc{netloc-web,
  author       = {OpenMPI Team},
  title        = {Portable Network Locality (netloc)},
  howpublished = {\url{https://www.open-mpi.org/projects/netloc/}},
}

@Article{ergul2009hierarchical,
  author  = {Ergul, O and Gurel, Levent},
  title   = {A hierarchical partitioning strategy for an efficient parallelization of the multilevel fast multipole algorithm},
  journal = {IEEE Transactions on antennas and propagation},
  year    = {2009},
  volume  = {57},
  number  = {6},
  pages   = {1740},
}

@Book{charm++,
  title     = {CHARM++: a portable concurrent object oriented system based on C++},
  publisher = {ACM},
  year      = {1993},
  author    = {Kale, Laxmikant V and Krishnan, Sanjeev},
  volume    = {28},
  number    = {10},
}

@Article{uintah,
  author  = {Meng, Qingyu and Humphrey, Alan and Berzins, Martin},
  title   = {The Uintah framework: A unified heterogeneous task scheduling and runtime system},
  journal = {Digital Proceedings of Supercomputing},
  year    = {2012},
}

@Article{rudiparallel,
  author  = {Rudi, Johann and Sundar, Hari and Isaac, Tobin and Stadler, Georg and Gurnis, Michael and Ghattas, Omar},
  title   = {Parallel High-Order Geometric Multigrid Methods on Adaptive Meshes for Highly Heterogeneous Nonlinear Stokes Flow Simulations of Earth’s Mantle},
  journal = {Supercomputing (SC14) Poster Session},
  year    = {2014},
}

@InProceedings{ecosim,
  author       = {Gregg, Chris and Tychonievich, Luther and Cohoon, James and Hazelwood, Kim},
  title        = {EcoSim: a language and experience teaching parallel programming in elementary school},
  booktitle    = {Proceedings of the 43rd ACM technical symposium on Computer Science Education},
  year         = {2012},
  pages        = {51--56},
  organization = {ACM},
}

@InProceedings{torbert2010teaching,
  author       = {Torbert, Shane and Vishkin, Uzi and Tzur, Ron and Ellison, David J},
  title        = {Is teaching parallel algorithmic thinking to high school students possible?: one teacher's experience},
  booktitle    = {Proceedings of the 41st ACM technical symposium on Computer science education},
  year         = {2010},
  pages        = {290--294},
  organization = {ACM},
}

@InProceedings{sundar03,
  author       = {Sundar, Hari and Silver, Deborah and Gagvani, Nikhil and Dickinson, Sven},
  title        = {Skeleton based shape matching and retrieval},
  booktitle    = {Shape Modeling International, 2003},
  year         = {2003},
  pages        = {130--139},
  organization = {IEEE},
}

@Article{siddiqi99,
  author    = {Siddiqi, Kaleem and Shokoufandeh, Ali and Dickinson, Sven J and Zucker, Steven W},
  title     = {Shock graphs and shape matching},
  journal   = {International Journal of Computer Vision},
  year      = {1999},
  volume    = {35},
  number    = {1},
  pages     = {13--32},
  publisher = {Springer},
}

@InProceedings{shokoufandeh99iccv,
  author       = {Shokoufandeh, Ali and Dickinson, Sven},
  title        = {Applications of bipartite matching to problems in object recognition},
  booktitle    = {Proceedings, ICCV Workshop on Graph Algorithms and Computer Vision},
  year         = {1999},
  volume       = {2},
  number       = {5},
  organization = {Citeseer},
}

@InProceedings{shokoufandeh99,
  author       = {Shokoufandeh, Ali and Dickinson, Sven J and Siddiqi, Kaleem and Zucker, Steven W},
  title        = {Indexing using a spectral encoding of topological structure},
  booktitle    = {Computer Vision and Pattern Recognition, 1999. IEEE Computer Society Conference on.},
  year         = {1999},
  volume       = {2},
  organization = {IEEE},
}

@InProceedings{shokoufandeh02,
  author       = {Shokoufandeh, Ali and Dickinson, Sven and J{\"o}nsson, Clas and Bretzner, Lars and Lindeberg, Tony},
  title        = {On the representation and matching of qualitative shape at multiple scales},
  booktitle    = {European Conference on Computer Vision},
  year         = {2002},
  pages        = {759--775},
  organization = {Springer},
}


@inproceedings{gordonbell15,
 author = {Rudi, Johann and Malossi, A. Cristiano I. and Isaac, Tobin and Stadler, Georg and Gurnis, Michael and Staar, Peter W. J. and Ineichen, Yves and Bekas, Costas and Curioni, Alessandro and Ghattas, Omar},
 title = {An Extreme-scale Implicit Solver for Complex PDEs: Highly Heterogeneous Flow in Earth's Mantle},
 booktitle = {Proceedings of the International Conference for High Performance Computing, Networking, Storage and Analysis},
 series = {SC '15},
 year = {2015},
 isbn = {978-1-4503-3723-6},
 location = {Austin, Texas},
 pages = {5:1--5:12},
 articleno = {5},
 numpages = {12},
 url = {http://doi.acm.org/10.1145/2807591.2807675},
 doi = {10.1145/2807591.2807675},
 acmid = {2807675},
 publisher = {ACM},
 address = {New York, NY, USA},
} 

@inproceedings{gordonbell12,
 author = {Ishiyama, Tomoaki and Nitadori, Keigo and Makino, Junichiro},
 title = {4.45 Pflops Astrophysical N-body Simulation on K Computer: The Gravitational Trillion-body Problem},
 booktitle = {Proceedings of the International Conference on High Performance Computing, Networking, Storage and Analysis},
 series = {SC '12},
 year = {2012},
 isbn = {978-1-4673-0804-5},
 location = {Salt Lake City, Utah},
 pages = {5:1--5:10},
 articleno = {5},
 numpages = {10},
 url = {http://dl.acm.org/citation.cfm?id=2388996.2389003},
 acmid = {2389003},
 publisher = {IEEE Computer Society Press},
 address = {Los Alamitos, CA, USA},
} 

@inproceedings{gordonbell10,
 author = {Rahimian, Abtin and Lashuk, Ilya and Veerapaneni, Shravan and Chandramowlishwaran, Aparna and Malhotra, Dhairya and Moon, Logan and Sampath, Rahul and Shringarpure, Aashay and Vetter, Jeffrey and Vuduc, Richard and Zorin, Denis and Biros, George},
 title = {Petascale Direct Numerical Simulation of Blood Flow on 200K Cores and Heterogeneous Architectures},
 booktitle = {Proceedings of the 2010 ACM/IEEE International Conference for High Performance Computing, Networking, Storage and Analysis},
 series = {SC '10},
 year = {2010},
 isbn = {978-1-4244-7559-9},
 pages = {1--11},
 numpages = {11},
 url = {https://doi.org/10.1109/SC.2010.42},
 doi = {10.1109/SC.2010.42},
 acmid = {1884648},
 publisher = {IEEE Computer Society},
 address = {Washington, DC, USA},
} 

@inproceedings{gordonbell09,
 author = {Hamada, Tsuyoshi and Narumi, Tetsu and Yokota, Rio and Yasuoka, Kenji and Nitadori, Keigo and Taiji, Makoto},
 title = {42 TFlops Hierarchical N-body Simulations on GPUs with Applications in Both Astrophysics and Turbulence},
 booktitle = {Proceedings of the Conference on High Performance Computing Networking, Storage and Analysis},
 series = {SC '09},
 year = {2009},
 isbn = {978-1-60558-744-8},
 location = {Portland, Oregon},
 pages = {62:1--62:12},
 articleno = {62},
 numpages = {12},
 url = {http://doi.acm.org/10.1145/1654059.1654123},
 doi = {10.1145/1654059.1654123},
 acmid = {1654123},
 publisher = {ACM},
 address = {New York, NY, USA},
} 

@Misc{stampede,
  author       = {Texas Advanced Computing Center},
  title        = {Stampede-2 Supercomputer},
  howpublished = {\url{https://www.tacc.utexas.edu/-/stampede-2-drives-the-frontiers-of-science-and-engineering-forward}},
  note         = {Accessed: 2016-06-20},
}

@article{sisc16,
author = {Amir Gholami and Dhairya Malhotra and Hari Sundar and George Biros},
title = {FFT, FMM, or Multigrid? A comparative Study of State-Of-the-Art Poisson Solvers for Uniform and Nonuniform Grids in the Unit Cube},
journal = {SIAM Journal on Scientific Computing},
volume = {38},
number = {3},
pages = {C280-C306},
year = {2016},
doi = {10.1137/15M1010798},

URL = { 
        https://doi.org/10.1137/15M1010798
    
},
eprint = { 
        https://doi.org/10.1137/15M1010798
    
}

}


@TechReport{XSolvers2012,
  author = {Jim Ang and Katherine Evans and Al Geist and Michael Heroux and Paul Hovland and Osni Marques and Lois Curfman McInnes and Esmond Ng and Stefan Wild},
  institution = {Office of Advanced Scientific Computing Research, US Department of Energy},
  address = {Washington, DC, USA},
  month = {March 8--9},
  year = {2012},
  note = {\url{http://science.energy.gov/~/media/ascr/pdf/program-documents/docs/reportExtremeScaleSolvers2012.pdf}}
}

@TechReport{XOpps2010,
  author = {Steve Ashby and Pete Beckman and Jackie Chen and Phil Collela and Dona Crawford and Jack Dongarra and Doug Kothe and Rusty Lusk and Paul Messina and Tony Mezzacappa and Parviz Moin and Mike Norman and Robert Rosner and Vivek Sarkar and Andrew Siegel and Fred Streitz and Andy White and Margaret Wright},
  title = {The opportunities and challenges of exascale},
  institution = {Advanced Scientific Computing Advisory Committee (ASCAC), Subcommittee on Exascale Computing},
  address = {Washington, DC, USA},
  month = {Fall},
  year = {2010},
  note = {\url{http://science.energy.gov/~/media/ascr/ascac/pdf/reports/Exascale_subcommittee_report.pdf}}
}

@TechReport{SciGrandChallenges:Crosscut:2010,
  author = {David L. Brown and Paul Messina},
  title = {Scientific grand challenges: {Crosscutting} technologies for computing at the exascale},
  institution = {Office of Advanced Scientific Computing Research, Office of Science; and Office of Advanced Simulation and Computing, National Nuclear Safety Administration, US Department of Energy},
  address = {Washington, DC, USA},
  month = {February 2--4},
  year = {2010}
}

@TechReport{SciGrandChallenges:Arch:2009,
  author = {Rick Stevens and Andrew White},
  title = {Scientific grand challenges: {Architectures} and technology for extreme scale computing},
  institution = {Office of Advanced Scientific Computing Research, Office of Science; and Office of Advanced Simulation and Computing, National Nuclear Safety Administration, US Department of Energy},
  address = {Washington, DC, USA},
  month = {December 8--10},
  year = {2009},
  note = {\url{http://science.energy.gov/~/media/ascr/pdf/program-documents/docs/Arch_tech_grand_challenges_report.pdf}}
}

@ARTICLE{keyes_cras2011,
  author =  {D. E. Keyes},
  title = {Exaflop/s Ð the Why and the How},
  journal = {Comptes Rendus},
  year = {2011},
  volume = {339},
  pages = {70--77}
}

@ARTICLE{dongarra_ijhpca2011,
  author =  {J. Dongarra and P. Beckman and T. Moore and P. Aerts and G. Aloisio and J.-C. Andre and D. Barkai and J.-Y. Berthou and T. Boku and B. Braunschweig and F. Cappello and B. Chapman and X. Chi and A. Choudhary and S. Dosanjh and T. Dunning and S. Fiore and A. Geist and W. D. Gropp and R. Harrison and M. Hereld and M. Heroux and A. Hoisie and K. Hotta and Y. Ishikawa and Z. Jin and F. Johnson and S. Kale and R. Kenway and D. Keyes and W. Kramer and J. Labarta and A. Lichnewsky and T. Lippert and R. Lucas and B. Maccabe and S. Matsuoka and P. Messina and P. Michielse and B. Mohr and M. Mueller and W. Nagel and H. Nakashima and M. E. Papka and D. Reed and M. Sato and E. Seidel and J. Shalf and D. Skinner and M. Snir and T. Sterling and R. Stevens and F. Streitz and R. Sugar and S. Sumimoto and W. Tang and J. Taylor and R. Thakur and A. Trefethen and M. Valero and A. van der Steen and J. Vetter and P. Williams and  R. Wisniewski and K. Yelick},
  title = {The International Exascale Software Roadmap},
  journal = {Int. J. High Perf. Comput. Applics.},
  year = {2011},
  volume = {25},
  pages = {1--82}
}

@article{sundar2015comparison,
  title={Comparison of multigrid algorithms for high-order continuous finite element discretizations},
  author={Sundar, Hari and Stadler, Georg and Biros, George},
  journal={Numerical Linear Algebra with Applications},
  volume={22},
  number={4},
  pages={664--680},
  year={2015},
  publisher={Wiley Online Library}
}

@Misc{cog,
  author       = {Ned Batchelder},
  title        = {Cog: Code generation tool},
  howpublished = {\url{https://nedbatchelder.com/code/cog/}},
  note         = {Accessed: 2018-01-08},
}

@misc{merrill2015cub,
  title={CUB v1. 5.3: CUDA Unbound, a library of warp-wide, block-wide, and device-wide GPU parallel primitives},
  author={Merrill, D},
  year={2015},
  publisher={NVIDIA Research}
}

@INPROCEEDINGS{hpec1, 
author={M. Rasouli and V. Zala and R. M. Kirby and H. Sundar}, 
booktitle={2018 IEEE High Performance extreme Computing Conference (HPEC)}, 
title={Improving Performance and Scalability of Algebraic Multigrid through a Specialized MATVEC}, 
year={2018}, 
volume={}, 
number={}, 
pages={1-7}, 
keywords={convergence of numerical methods;differential equations;distributed shared memory systems;elliptic equations;geometry;iterative methods;mathematical operators;matrix multiplication;sparse matrices;vectors;linear system solver;preconditioner approach;geometric multigrid;GMG;sparsification algorithms;convergence;shared memory implementations;distributed memory implementations;PETSc;MATVEC operator;AMG hierarchy;specialized matrix-vector multiplication;coarser grids;unstructured discretizations;elliptic operators;algebraic multigrid;Scalability;Convergence;Linear systems;Method of moments;Sparse matrices;Task analysis;Partial differential equations}, 
doi={10.1109/HPEC.2018.8547580}, 
ISSN={2377-6943}, 
month={Sep.},}

@INPROCEEDINGS{hpec2, 
author={M. Carlson and H. Sundar}, 
booktitle={2018 IEEE High Performance extreme Computing Conference (HPEC)}, 
title={Utilizing GPU Parallelism to Improve Fast Spherical Harmonic Transforms}, 
year={2018}, 
volume={}, 
number={}, 
pages={1-6}, 
keywords={integration;Legendre polynomials;matrix algebra;partial differential equations;transforms;vectors;GPU parallelism;fast spherical harmonic transforms;spherical harmonics;orthogonal basis;partial differential equations;numerical integration;function samples;spherical harmonic expansion;GPU spherical harmonic transforms;spherical harmonic coefficients;Legendre transform;Harmonic analysis;Transforms;Matrix decomposition;Graphics processing units;Complexity theory;Parallel processing;Kernel}, 
doi={10.1109/HPEC.2018.8547547}, 
ISSN={2377-6943}, 
month={Sep.},}

@INPROCEEDINGS{hpec3, 
author={N. Tirpankar and H. Sundar}, 
booktitle={2018 IEEE High Performance extreme Computing Conference (HPEC)}, 
title={Towards Triangle Counting on GPU using Stable Radix binning}, 
year={2018}, 
volume={}, 
number={}, 
pages={1-6}, 
keywords={cache storage;graph theory;GPU;stable radix binning;graph algorithms;erratic data access patterns;algorithmic patterns;fine grained parallelism;modern CPU;hierarchical cache access;parallel stable binning algorithm;set intersection;graphs;triangle counting;Linear algebra;Complexity theory;Computer architecture;Graphics processing units;Heuristic algorithms;Approximation algorithms;Parallel processing}, 
doi={10.1109/HPEC.2018.8547543}, 
ISSN={2377-6943}, 
month={Sep.},}

@Comment{jabref-meta: databaseType:bibtex;}

@article{FernandoDendroGR,
author = {Fernando, M. and Neilsen, D. and Lim, H. and Hirschmann, E. and Sundar, H.},
title = {Massively Parallel Simulations of Binary Black Hole Intermediate-Mass-Ratio Inspirals},
journal = {SIAM Journal on Scientific Computing},
volume = {41},
number = {2},
pages = {C97-C138},
year = {2019},
doi = {10.1137/18M1196972},

URL = { 
        https://doi.org/10.1137/18M1196972
    
},
eprint = { 
        https://doi.org/10.1137/18M1196972
    
}

}


@article{langer2016space,
  title={Space--time isogeometric analysis of parabolic evolution problems},
  author={Langer, Ulrich and Moore, Stephen E and Neum{\"u}ller, Martin},
  journal={Computer methods in applied mechanics and engineering},
  volume={306},
  pages={342--363},
  year={2016},
  publisher={Elsevier}
}


@article{haverkort2012harmonious,
  author    = {Herman J. Haverkort},
  title     = {Harmonious {Hilbert} curves and other extradimensional space-filling curves},
  journal   = {CoRR},
  volume    = {abs/1211.0175},
  year      = {2012},
  url       = {http://arxiv.org/abs/1211.0175},
  archivePrefix = {arXiv},
  eprint    = {1211.0175},
  timestamp = {Mon, 13 Aug 2018 16:48:33 +0200},
  biburl    = {https://dblp.org/rec/bib/journals/corr/abs-1211-0175},
  bibsource = {dblp computer science bibliography, https://dblp.org}
}

@book{kopriva2009,
  title={Implementing spectral methods for partial differential equations: Algorithms for scientists and engineers},
  author={Kopriva, David A},
  year={2009},
  publisher={Springer Science \& Business Media}
}

@article{dealII90,
        title   = {The \texttt{deal.II} Library, Version 9.0},
        author  = {G. Alzetta and D. Arndt and W. Bangerth and V. Boddu and
                   B. Brands and D. Davydov and R. Gassmoeller and T. Heister and
                   L. Heltai and K. Kormann and M. Kronbichler and M. Maier and
                   J.-P. Pelteret and B. Turcksin and D. Wells},
        journal = {Journal of Numerical Mathematics},
        year    = {2018},
        volume  = {26},
        number  = {4},
        pages   = {173--183},
        doi     = {10.1515/jnma-2018-0054}
}

@misc{mfem,
  title = {{MFEM}: Modular Finite Element Methods Library},
  howpublished = {\url{mfem.org}},
  doi = {10.11578/dc.20171025.1248}
}